@misc{url-llvm,
    title = {The {LLVM} Compiler Infrastructure},
    howpublished = {\url{http://llvm.org}},
}

@misc{url-clang,
    title = {{clang}: a C language family frontend for LLVM},
    howpublished = {\url{http://clang.llvm.org}},
}

@misc{url-boost,
    title = {Boost {C++} Libraries},
    howpublished = {\url{http://www.boost.org}},
}