%% This BibTeX bibliography file was created using BibDesk.
%% http://bibdesk.sourceforge.net/


%% Created for Oliver Kennedy at 2010-12-13 02:16:50 +0100 


%% Saved with string encoding Unicode (UTF-8) 


@string{cidr = {CIDR}}

@string{cidr03 = cidr}

@string{cidr05 = cidr}

@string{cidr07 = cidr}

@string{cidr09 = cidr}

@string{cidrxxx = {Conference on Innovative Data Systems Research}}

@string{icde = {ICDE}}

@string{icde05 = icde}

@string{icde07 = icde}

@string{icde94 = icde}

@string{icde96 = icde}

@string{icdexxx = {International Conference on Data Engineering}}

@string{icdt = {ICDT}}

@string{icdt97 = icdt}

@string{osdi10 = {OSDI}}

@string{pods = {PODS}}

@string{pods07 = pods}

@string{pods10 = pods}

@string{podsxxx = {ACM Symposium on Principles of Database Systems}}

@string{sigmod = {SIGMOD}}

@string{sigmod06 = sigmod}

@string{sigmod07 = sigmod}

@string{sigmod08 = sigmod}

@string{sigmod10 = sigmod}

@string{sigmod95 = sigmod}

@string{sigmod96 = sigmod}

@string{sigmod97 = sigmod}

@string{sigmod99 = sigmod}

@string{sigmodxxx = {ACM SIGMOD International Conference on Management of Data}}

@string{sosp = {SOSP}}

@string{sosp95 = sosp}

@string{sospxxx = {ACM symposium on Operating systems principles}}

@string{tods = {ACM TODS}}

@string{vldb = {VLDB}}

@string{vldb00 = vldb}

@string{vldb02 = vldb}

@string{vldb07 = vldb}

@string{vldb95 = vldb}

@string{vldb98 = vldb}

@string{vldbj = {VLDB Journal}}

@string{vldbjxxx = {The VLDB Journal: The International Journal on Very Large Data Bases}}

@string{vldbxxx = {International Conference on Very Large Data Bases}}


@inproceedings{Liskov:1988:PLS:53990.54016,
	Author = {Liskov, B. and Shrira, L.},
	Booktitle = {PLDI},
	Title = {Promises: linguistic support for efficient asynchronous procedure calls in distributed systems},
	Year = {1988}}

@article{Liskov:1988:PLS:960116.54016,
	Author = {Liskov, B. and Shrira, L.},
	Issue = {7},
	Journal = {SIGPLAN Not.},
	Month = {June},
	Publisher = {ACM},
	Title = {Promises: linguistic support for efficient asynchronous procedure calls in distributed systems},
	Volume = {23},
	Year = {1988}}

@inproceedings{Junqueira:2009:LTZ:1582716.1582721,
	Acmid = {1582721},
	Address = {New York, NY, USA},
	Author = {Junqueira, Flavio P. and Reed, Benjamin C.},
	Booktitle = {PODC},
	Title = {The life and times of a zookeeper},
	Year = {2009}}

@inproceedings{peng-incremental:10,
	Author = {Daniel Peng and Frank Dabek},
	Booktitle = osdi10,
	Location = {Vancouver, CA},
	Title = {Large-scale Incremental Processing Using Distributed Transactions and Notifications},
	Year = {2010}}

@inproceedings{yan-icde:94,
	Author = {Weipeng P. Yan and Per-{\AA}ke Larson},
	Booktitle = icde94,
	Date-Modified = {2010-10-02 03:47:05 +0200},
	Location = {Houston, USA},
	Title = {Performing {Group-By} before {Join}},
	Year = {1994}}

@inproceedings{berkeleydb,
	Author = {Michael A. Olson and Keith Bostic and Margo Seltzer},
	Booktitle = {USENIX},
	Date-Modified = {2010-10-02 03:44:00 +0200},
	Location = {Monterey, CA},
	Title = {{Berkeley DB}},
	Year = {1999}}

@inproceedings{colt,
	Author = {Karl Schnaitter and Serge Abiteboul and Tova Milo and Neoklis Polyzotis},
	Booktitle = sigmod06,
	Date-Modified = {2010-10-02 03:46:19 +0200},
	Location = {Chicago, IL},
	Title = {{COLT}: Continuous On-Line Database Tuning},
	Year = 2006}

@inproceedings{ChaudhuriN07,
	Author = {Surajit Chaudhuri and Vivek R. Narasayya},
	Booktitle = vldb07,
	Title = {Self-Tuning Database Systems: A Decade of Progress},
	Year = {2007}}

@inproceedings{rangequeries,
	Author = {Ho, Ching-Tien and Agrawal, Rakesh and Megiddo, Nimrod and Srikant, Ramakrishnan},
	Booktitle = sigmod97,
	Date-Modified = {2010-10-02 03:38:43 +0200},
	Location = {Tucson, Arizona, United States},
	Title = {Range queries in {OLAP} data cubes},
	Year = 1997}

@book{AHV95,
	Author = {Serge Abiteboul and Richard Hull and Victor Vianu},
	Publisher = {Addison-Wesley},
	Title = {Foundations of Databases},
	Year = 1995}

@inproceedings{Yan81,
	Address = {Cannes, France},
	Author = {Mihalis Yannakakis},
	Booktitle = vldb81,
	Title = {Algorithms for Acyclic Database Schemes},
	Year = 1981}

@article{GLS2002,
	Author = {Georg Gottlob and Nicola Leone and Francesco Scarcello},
	Journal = jcss,
	Number = 3,
	Title = {Hypertree Decompositions and Tractable Queries},
	Volume = 64,
	Year = 2002}

@inproceedings{CR1997,
	Address = {Delphi, Greece},
	Author = {Chandra Chekuri and Anand Rajaraman},
	Booktitle = icdt97,
	Title = {Conjunctive Query Containment Revisited},
	Year = 1997}

@inproceedings{griffin-sigmod:95,
	Author = {Timothy Griffin and Leonid Libkin},
	Booktitle = sigmod95,
	Location = {San Jose, USA},
	Title = {Incremental Maintenance of Views with Duplicates},
	Year = {1995}}

@inproceedings{yan-vldb:95,
	Author = {Weipeng P. Yan and Per-{\AA}ke Larson},
	Booktitle = vldb95,
	Location = {Zurich, Switzerland},
	Title = {Eager Aggregation and Lazy Aggregation},
	Year = {1995}}

@inproceedings{gray-icde:96,
	Author = {Jim Gray and Adam Bosworth and Andrew Layman and Hamid Pirahesh},
	Booktitle = icde96,
	Date-Modified = {2010-10-02 03:38:28 +0200},
	Title = {{Data Cube}: A Relational Aggregation Operator Generalizing {Group-By}, {Cross-Tab}, and {Sub-Total}},
	Year = {1996}}

@inproceedings{colby-sigmod:96,
	Author = {Latha S. Colby and Timothy Griffin and Leonid Libkin and Inderpal Singh Mumick and Howard Trickey},
	Booktitle = sigmod96,
	Location = {Montreal, Canada},
	Title = {Algorithms for Deferred View Maintenance},
	Year = {1996}}

@inproceedings{mumick-sigmod:97,
	Author = {Inderpal Singh Mumick and Dallan Quass and Barinderpal Singh Mumick},
	Booktitle = sigmod97,
	Date-Modified = {2010-10-02 03:43:02 +0200},
	Location = {Tucson, USA},
	Title = {Maintenance of {Data Cubes} and {Summary Tables} in a Warehouse},
	Year = {1997}}

@inproceedings{goldstein-sigmod:01,
	Author = {Jonathan Goldstein and Per-{\AA}ke Larson},
	Booktitle = sigmod01,
	Location = {Santa Barbara, USA},
	Title = {Optimizing Queries Using Materialized Views: A practical, scalable solution},
	Year = {2001}}

@inproceedings{palpanas-vldb:02,
	Author = {Themistoklis Palpanas and Richard Sidle and Roberta Cochrane and Hamid Pirahesh},
	Booktitle = vldb02,
	Location = {Hong Kong, China},
	Title = {Incremental Maintenance for Non-Distributive Aggregate Functions},
	Year = {2002}}

@inproceedings{BKM2010,
	Author = {David A. Basin and Felix Klaedtke and Samuel M\"uller},
	Booktitle = {CAV},
	Pages = {1--18},
	Title = {Policy Monitoring in First-Order Temporal Logic},
	Year = 2010}

@inproceedings{yang-icde:05,
	Author = {Hao He and Junyi Xie and Jun Yang and Hai Yu},
	Booktitle = icde05,
	Title = {Asymmetric Batch Incremental View Maintenance},
	Year = {2005}}

@inproceedings{zhou-icde:07,
	Author = {Jingren Zhou and Per-{\AA}ke Larson and Jonathan Goldstein and Luping Ding},
	Booktitle = icde07,
	Location = {Istanbul, Turkey},
	Title = {Dynamic Materialized Views},
	Year = {2007}}

@inproceedings{zhou-vldb:07,
	Author = {Jingren Zhou and Per-{\AA}ke Larson and Hicham G. Elmongui},
	Booktitle = vldb07,
	Location = {Vienna, Austria},
	Title = {Lazy Maintenance of Materialized Views},
	Year = {2007}}

@article{roussopoulos-tods:91,
	Author = {Nick Roussopoulos},
	Date-Modified = {2010-10-02 03:44:32 +0200},
	Journal = tods,
	Number = {3},
	Title = {An Incremental Access Method for {ViewCache}: Concept, Algorithms \& Cost Analysis},
	Volume = {16},
	Year = {1991}}

@article{kotidis-tods:01,
	Author = {Yannis Kotidis and Nick Roussopoulos},
	Journal = tods,
	Number = {4},
	Title = {A case for dynamic view management},
	Volume = {26},
	Year = {2001}}

@inproceedings{adelberg-sigmod:97,
	Author = {Brad Adelberg and Hector Garcia-Molina and Jennifer Widom},
	Booktitle = sigmod97,
	Date-Modified = {2010-10-02 03:30:33 +0200},
	Location = {Tucson, USA},
	Title = {The {STRIP} Rule System For Efficiently Maintaining Derived Data},
	Year = {1997}}

@inproceedings{newton-lctes:08,
	Author = {Ryan Newton and Lewis Girod and Michael B. Craig and Samuel Madden and J. Gregory Morrisett},
	Booktitle = {LCTES},
	Location = {Tucson, USA},
	Title = {Design and evaluation of a compiler for embedded stream programs},
	Year = {2008}}

@inproceedings{toman-dbtel:01,
	Author = {David Toman and Grant E. Weddell},
	Booktitle = {Databases in Telecommunications},
	Location = {Rome, Italy},
	Title = {Query Processing in Embedded Control Programs},
	Year = {2001}}

@inproceedings{raman-icde:08,
	Author = {Vijayshankar Raman and Garret Swart and Lin Qiao and Frederick Reiss and Vijay Dialani and Donald Kossmann and Inderpal Narang and Richard Sidle},
	Booktitle = {ICDE},
	Location = {Cancun, Mexico},
	Title = {Constant-Time Query Processing},
	Year = {2008}}

@article{kallman-pvldb:08,
	Author = {Robert Kallman and Hideaki Kimura and Jonathan Natkins and Andrew Pavlo and Alex Rasin and Stanley B. Zdonik and Evan P. C. Jones and Samuel Madden and Michael Stonebraker and Yang Zhang and John Hugg and Daniel J. Abadi},
	Date-Modified = {2010-10-02 03:41:08 +0200},
	Journal = {PVLDB},
	Number = {2},
	Title = {{H-Store}: a high-performance, distributed main memory transaction processing system},
	Volume = {1},
	Year = {2008}}

@inproceedings{wu-sigmod:06,
	Author = {Eugene Wu and Yanlei Diao and Shariq Rizvi},
	Booktitle = sigmod06,
	Location = {Chicago, USA},
	Title = {High-performance complex event processing over streams},
	Year = {2006}}

@inproceedings{agrawal-sigmod:08,
	Author = {Jagrati Agrawal and Yanlei Diao and Daniel Gyllstrom and Neil Immerman},
	Booktitle = sigmod08,
	Location = {Vancouver, Canada},
	Title = {Efficient pattern matching over event streams},
	Year = {2008}}

@inproceedings{white-pods:07,
	Author = {Walker M. White and Mirek Riedewald and Johannes Gehrke and Alan J. Demers},
	Booktitle = pods07,
	Location = {Beijing, China},
	Title = {What is "next" in event processing?},
	Year = {2007}}

@inproceedings{demers-sigmod:07,
	Author = {{L. Brenna et al.}},
	Booktitle = sigmod07,
	Date-Modified = {2010-10-02 03:41:31 +0200},
	Location = {Beijing, China},
	Title = {{Cayuga}: a high-performance event processing engine},
	Year = {2007}}

@article{abadi-vldbj:03,
	Author = {{D. Abadi et al.}},
	Date-Modified = {2010-10-02 03:37:42 +0200},
	Journal = vldbj,
	Title = {{Aurora}: A New Model and Architecture for Data Stream Management},
	Year = {2003}}

@inproceedings{boncz-cidr:05,
	Author = {Peter A. Boncz and Marcin Zukowski and Niels Nes},
	Booktitle = cidr05,
	Date-Modified = {2010-10-02 03:37:08 +0200},
	Location = {Asilomar, USA},
	Title = {{MonetDB/X100}: Hyper-Pipelining Query Execution},
	Year = {2005}}

@inproceedings{bohannon-vldb:98,
	Author = {Jerry Baulier and Philip Bohannon and S. Gogate and S. Joshi and C. Gupta and A. Khivesera and Henry F. Korth and Peter McIlroy and J. Miller and P. P. S. Narayan and M. Nemeth and Rajeev Rastogi and Abraham Silberschatz and S. Sudarshan},
	Booktitle = vldb98,
	Date-Modified = {2010-10-02 03:31:37 +0200},
	Editor = {Ashish Gupta and Oded Shmueli and Jennifer Widom},
	Location = {New York, USA},
	Title = {{DataBlitz}: A High Performance Main-Memory Storage Manager},
	Year = {1998}}

@inproceedings{bohannon-sigmod:99,
	Author = {Baulier,, J. and Bohannon,, P. and Gogate,, S. and Gupta,, C. and Haldar,, S.},
	Booktitle = sigmod99,
	Date-Modified = {2010-10-02 03:31:20 +0200},
	Location = {Philadelphia, USA},
	Title = {{DataBlitz} storage manager: main-memory database performance for critical applications},
	Year = {1999}}

@misc{sec-orderbook:00,
	Author = {Arthur Levitt},
	Date-Modified = {2010-10-02 03:42:40 +0200},
	Howpublished = {{http://www.sec.gov/news/speech/spch355.htm}},
	Title = {Speech by {SEC} Chairman: Visible Prices, Accessible Markets, Order Interaction.},
	Year = {2000}}

@misc{poneil-ssb:07,
	Author = {Patrick O'Neil and Elizabeth O'Neil and Xuedong Chen},
	Date-Modified = {2010-10-02 03:43:23 +0200},
	Howpublished = {{http://www.cs.umb.edu/~poneil/StarSchemaB.PDF}},
	Month = January,
	Title = {The Star Schema Benchmark.},
	Year = {2007}}

@inproceedings{arasu-vldb:04,
	Author = {Arvind Arasu and Mitch Cherniack and Eduardo F. Galvez and David Maier and Anurag Maskey and Esther Ryvkina and Michael Stonebraker and Richard Tibbetts},
	Booktitle = vldb04,
	Date-Modified = {2010-10-02 03:30:57 +0200},
	Location = {Toronto, Canada},
	Title = {{Linear Road}: A Stream Data Management Benchmark},
	Year = {2004}}

@inproceedings{gedik-sigmod:08,
	Author = {Bugra Gedik and Henrique Andrade and Kun-Lung Wu and Philip Yu and Myungcheol Doo},
	Booktitle = sigmod08,
	Location = {Vancouver, Canada},
	Title = {{SPADE}: the {System S} declarative stream processing engine},
	Year = {2008}}

@misc{totalview-url,
	Date-Modified = {2010-10-02 03:48:30 +0200},
	Howpublished = {{http://www.nasdaqtrader.com/Trader.aspx?id=TotalView}},
	Title = {{NASDAQ TotalView} order book}}

@article{bowman-tods:05,
	Author = {Ivan T. Bowman and Kenneth Salem},
	Journal = tods,
	Number = {4},
	Title = {Optimization of query streams using semantic prefetching},
	Volume = {30},
	Year = {2005}}

@misc{mssql-viewrestrict,
	Date-Modified = {2010-10-02 03:48:15 +0200},
	Howpublished = {{http://msdn.microsoft.com/en-us/library/dd171921.aspx}},
	Title = {{Microsoft SQL Server 2008} Indexed View Documentation, View Restrictions}}

@misc{oracle-viewrestrict,
	Date-Modified = {2010-10-02 03:48:46 +0200},
	Howpublished = {{\tiny{http://download.oracle.com/docs/cd/B28359\_01/server.111/\\b28313/basicmv.htm\#i1007007}}},
	Title = {{Oracle} Database 11g Release 1 Documentation}}

@misc{db2-viewrestrict,
	Date-Modified = {2010-10-02 03:47:36 +0200},
	Howpublished = {{\tiny{http://publib.boulder.ibm.com/infocenter/db2luw/v9r5/index.jsp?topic\=/com.ibm.db2.luw.sql.ref.doc/doc/r0000927.html}}},
	Title = {{IBM} {DB2} Database Version 9.5 Documentation}}

@misc{streambase,
	Date-Modified = {2010-10-02 03:48:57 +0200},
	Howpublished = {{http://www.streambase.com}},
	Title = {{StreamBase Systems}}}

@misc{sb-patent,
	Author = {Jon Salz and Richard Tibbetts},
	Date = {Dec 22, 2006},
	Date-Modified = {2010-10-02 03:46:02 +0200},
	Howpublished = {{U.S. Patent Application}, {app. \#11/644,189, pub. \#US 2008/0134158 A1}},
	Month = {December},
	Title = {Stream processor with compiled programs},
	Year = {2006}}

@misc{Becht2010,
	Author = {Andreas von Bechtoldsheim},
	Date-Modified = {2010-10-02 03:36:01 +0200},
	Howpublished = {Invited Talk, EPFL},
	Month = {September},
	Title = {Scalable Networking for Cloud Datacenters},
	Year = {2010}}

@misc{Iati2009,
	Author = {Rob Iati},
	Date-Modified = {2010-10-02 03:40:21 +0200},
	Day = {10},
	Howpublished = {AdvancedTrading.com},
	Month = {July},
	Title = {The Real Story of Trading Software Espionage},
	Year = {2009}}

@article{buneman-kleisli:95,
	Author = {Peter Buneman and Shamim A. Naqvi and Val Tannen and Limsoon Wong},
	Journal = {Theor. Comput. Sci.},
	Number = {1},
	Title = {Principles of Programming with Complex Objects and Collection Types},
	Volume = {149},
	Year = {1995}}

@article{aji-toit:00,
	Author = {Srinivas M. Aji and Robert J. McEliece},
	Journal = {IEEE Transactions on Information Theory},
	Number = {2},
	Title = {The generalized distributive law},
	Volume = {46},
	Year = {2000}}

@inproceedings{abadi-icde:07,
	Author = {Daniel Abadi and Daniel Myers and David DeWitt and Samuel Madden},
	Booktitle = icde07,
	Title = {Materialization Strategies in a Column-Oriented {DBMS}},
	Year = {2007}}

@inproceedings{DKM2010,
   author = {Daniel Deutch and Christoph Koch and Tova Milo},
   title = {On probabilistic fixpoint and {Markov} chain query languages},
   booktitle = {PODS},
   year = 2010
}

@article{WMM2010,
   author = {Michael L. Wick and Andrew McCallum and Gerome Miklau},
   title = {Scalable Probabilistic Databases with Factor Graphs and MCMC},
   journal = {PVLDB},
   volume = 3,
   number = 1,
   year = 2010
}


@inproceedings{koch-pods:10,
	Author = {Christoph Koch},
	Booktitle = pods10,
	Title = {Incremental query evaluation in a ring of databases},
	Year = {2010}}

@inproceedings{olston-cidr:09,
	Author = {Christopher Olston and Edward Bortnikov and Khaled Elmeleegy and Flavio Junqueira and Benjamin Reed},
	Booktitle = cidr09,
	Title = {Interactive Analysis of Web-Scale Data},
	Year = {2009}}

@inproceedings{bast-cidr:07,
	Author = {Holger Bast and Ingmar Weber},
	Booktitle = cidr07,
	Date-Modified = {2010-10-02 03:28:36 +0200},
	Title = {The {CompleteSearch} Engine: Interactive, Efficient, and Towards {IR\&DB} Integration},
	Year = {2007}}

@inproceedings{ceri-vldb:00,
	Author = {{S. Ceri et al.}},
	Booktitle = vldb00,
	Title = {Practical Applications of Triggers and Constraints: Success and Lingering Issues},
	Year = {2000}}

@inproceedings{motwani-cidr:03,
	Author = {{R. Motwani et al.}},
	Booktitle = cidr03,
	Title = {Query Processing, Approximation, and Resource Management in a Data Stream Management System},
	Year = {2003}}

@inproceedings{chandrasekaran-cidr:03,
	Author = {{S. Chandrasekaran et al.}},
	Booktitle = cidr03,
	Title = {{TelegraphCQ}: Continuous Dataflow Processing for an Uncertain World},
	Year = {2003}}

@article{ahmad-vldb:09,
	Author = {Yanif Ahmad and Christoph Koch},
	Date-Modified = {2010-10-02 03:27:56 +0200},
	Journal = {PVLDB},
	Number = {2},
	Title = {{DBToaster}: A {SQL} Compiler for High-Performance Delta Processing in Main-Memory Databases},
	Volume = {2},
	Year = {2009}}

@article{rstartree,
	Author = {Beckmann, Norbert and Kriegel, Hans-Peter and Schneider, Ralf and Seeger, Bernhard},
	Date-Modified = {2010-10-02 03:36:55 +0200},
	Journal = {SIGMOD Rec.},
	Number = {2},
	Title = {The {R*-tree}: an efficient and robust access method for points and rectangles},
	Volume = {19},
	Year = {1990}}

@inproceedings{sstree,
	Author = {White, David A. and Jain, Ramesh},
	Booktitle = icde96,
	Date-Modified = {2010-10-02 03:46:32 +0200},
	Title = {Similarity Indexing with the {SS-Tree}},
	Year = {1996}}

@inproceedings{srtree,
	Author = {Katayama, Norio and Satoh, Shin'ichi},
	Booktitle = sigmod97,
	Date-Modified = {2010-10-02 03:41:18 +0200},
	Title = {The {SR-Tree}: an index structure for high-dimensional nearest neighbor queries},
	Year = {1997}}

@inproceedings{bayou,
	Author = {{D.B. Terry et al.}},
	Booktitle = sosp95,
	Title = {Managing update conflicts in {Bayou}, a weakly connected replicated storage system},
	Year = {1995}}

@article{stonebreaker-sigrec:89,
	Author = {Michael Stonebraker},
	Journal = {SIGMOD Record},
	Number = {4},
	Title = {The Case for Partial Indexes},
	Volume = {18},
	Year = {1989}}

@article{ghanem-tods:10,
	Author = {Thanaa M. Ghanem and Ahmed K. Elmagarmid and Per-{\AA}ke Larson and Walid G. Aref},
	Journal = tods,
	Number = {1},
	Title = {Supporting views in data stream management systems},
	Volume = {35},
	Year = {2010}}

@inproceedings{bello-vldb:98,
	Author = {{R. G. Bello et al.}},
	Booktitle = vldb98,
	Date-Modified = {2010-10-02 03:44:15 +0200},
	Title = {Materialized Views in {Oracle}},
	Year = {1998}}

@inproceedings{fu-sigmod:10,
	Author = {{Y. Fu et al.}},
	Booktitle = sigmod10,
	Date-Modified = {2010-10-02 03:46:44 +0200},
	Title = {{AJAX}-based report pages as incrementally rendered views},
	Year = {2010}}

@article{mcpherson-debull:87,
	Author = {John McPherson and Hamid Pirahesh},
	Journal = {IEEE Data Eng. Bull.},
	Number = {2},
	Title = {An Overview of Extensibility in Starburst},
	Volume = {10},
	Year = {1987}}

@article{urhan-debull:00,
	Author = {Tolga Urhan and Michael J. Franklin},
	Journal = {IEEE Data Eng. Bull.},
	Number = {2},
	Title = {XJoin: A Reactively-Scheduled Pipelined Join Operator},
	Volume = {23},
	Year = {2000}}

@inproceedings{viglas-vldb:03,
	Author = {Stratis Viglas and Jeffrey F. Naughton and Josef Burger},
	Booktitle = {VLDB},
	Title = {Maximizing the Output Rate of Multi-Way Join Queries over Streaming Information Sources},
	Year = {2003}}

@inproceedings{danvy-ppdp:01,
	Author = {Olivier Danvy and Lasse R. Nielsen},
	Booktitle = {PPDP},
	Title = {Defunctionalization at Work},
	Year = {2001}}

@inproceedings{marlow-fp:92,
	Author = {Simon Marlow and Philip Wadler},
	Booktitle = {Functional Programming},
	Title = {Deforestation for Higher-Order Functions},
	Year = {1992}}

@article{schek-infsys:86,
	Author = {Hans-J{\"o}rg Schek and Marc H. Scholl},
	Bibsource = {DBLP, http://dblp.uni-trier.de},
	Journal = {Inf. Syst.},
	Number = {2},
	Title = {The relational model with relation-valued attributes},
	Volume = {11},
	Year = {1986}}

@article{jain-pvldb:08,
	Author = {Namit Jain and Shailendra Mishra and Anand Srinivasan and Johannes Gehrke and Jennifer Widom and Hari Balakrishnan and Ugur \c{C}etintemel and Mitch Cherniack and Richard Tibbetts and Stanley B. Zdonik},
	Journal = {PVLDB},
	Number = {2},
	Title = {Towards a streaming {SQL} standard},
	Volume = {1},
	Year = {2008}}

@inproceedings{grust-sigmod:09,
	Author = {Torsten Grust and Manuel Mayr and Jan Rittinger and Tom Schreiber},
	Booktitle = sigmod,
	Title = {FERRY: database-supported program execution},
	Year = {2009}}

@inproceedings{cooper-fmco:06,
	Author = {Ezra Cooper and Sam Lindley and Philip Wadler and Jeremy Yallop},
	Booktitle = {FMCO},
	Title = {Links: Web Programming Without Tiers},
	Year = {2006}}

@inproceedings{meijer-sigmod:06,
	Author = {Erik Meijer and Brian Beckman and Gavin M. Bierman},
	Booktitle = {SIGMOD},
	Title = {{LINQ}: reconciling object, relations and XML in the .NET framework},
	Year = {2006}}

@article{sussman-hsc:98,
	Author = {Gerald J. Sussman and Guy L. Steele Jr.},
	Journal = {Higher-Order and Symbolic Computation},
	Number = {4},
	Title = {Scheme: A Interpreter for Extended Lambda Calculus},
	Volume = {11},
	Year = {1998}}

@inproceedings{arumugam-sigmod:10,
 author    = {Arumugam, Subi and Dobra, Alin and Jermaine, Christopher M. and Pansare, Niketan and Perez, Luis},
 title     = {The {DataPath} system: a data-centric analytic processing engine for large data warehouses},
 booktitle = {SIGMOD},
 year      = {2010},
}

@inproceedings{krikellas-icde:10,
  author    = {Konstantinos Krikellas and
               Stratis Viglas and
               Marcelo Cintra},
  title     = {Generating code for holistic query evaluation},
  booktitle = {ICDE},
  year      = {2010},
}

@article{chamberlin-tods:81,
 author     = {Chamberlin, D. D. and Astrahan, M. M. and King, W. F. and
               Lorie, R. A. and Mehl, J. W. and Price, T. G. and
               Schkolnick, M. and Griffiths Selinger, P. and Slutz, D. R. and
               Wade, B. W. and Yost, R. A.},
 title      = {Support for repetitive transactions and ad hoc queries in {System R}},
 journal    = {ACM Trans. Database Syst.},
 volume     = {6},
 issue      = {1},
 year       = {1981},
} 

@article{bacon-acms:94,
  author    = {David F. Bacon and
               Susan L. Graham and
               Oliver J. Sharp},
  title     = {Compiler Transformations for High-Performance Computing},
  journal   = {ACM Comput. Surv.},
  volume    = {26},
  number    = {4},
  year      = {1994},
}


@inproceedings(KAK2011,
   title = {DBToaster: Agile Views in a Dynamic Data Management System},
   author = {Oliver Kennedy and Yanif Ahmad and Christoph Koch},
   booktitle = {Proc. CIDR},
   address =  {Monterey, California},
   year = 2011
)

@misc(sobi-kearns,
   author = {Michael Kearns},
   title = {Static Order Book Imbalance (SOBI) Strategies, http://www.cis.upenn.edu/$\sim$mkearns/projects/sobi.html},
   year = 2002
)


