%% This BibTeX bibliography file was created using BibDesk.
%% http://bibdesk.sourceforge.net/


%% Created for Oliver Kennedy at 2011-11-01 01:31:54 +0100 


%% Saved with string encoding Unicode (UTF-8) 


@string{cidr = {Conference on Innovative Data Systems Research}}

@string{cidr03 = {Proc. of the First Biennial } # cidr # { (CIDR'03)}}

@string{cidr05 = {Proc. of the Second Biennial } # cidr # { (CIDR'05)}}

@string{cidr_short = {CIDR}}

@string{icde = {International Conference on Data Engineering}}

@string{icde05 = {Proc. of the 21st } # icde # { (ICDE'05)}}

@string{icde07 = {Proc. of the 23rd } # icde # { (ICDE'07)}}

@string{icde94 = {Proc. of the 10th } # icde # { (ICDE'94)}}

@string{icde96 = {Proc. of the 12th } # icde # { (ICDE'96)}}

@string{icde_short = {ICDE}}

@string{pods = {ACM Symposium on Principles of Database Systems}}

@string{pods07 = {Proc. of the 26th } # pods # { (PODS'07)}}

@string{sigmod = {ACM SIGMOD International Conference on Management of Data}}

@string{sigmod06 = {Proc. of the 2006 } # sigmod}

@string{sigmod07 = {Proc. of the 2007 } # sigmod}

@string{sigmod08 = {Proc. of the 2008 } # sigmod}

@string{sigmod95 = {Proc. of the 1995 } # sigmod}

@string{sigmod96 = {Proc. of the 1996 } # sigmod}

@string{sigmod97 = {Proc. of the 1997 } # sigmod}

@string{sigmod99 = {Proc. of the 1999 } # sigmod}

@string{sigmod_short = {SIGMOD}}

@string{tods = {ACM Transactions on Database Systems}}

@string{vldb = {International Conference on Very Large Data Bases}}

@string{vldb02 = {Proc. of the 28th } # vldb # { (VLDB'02)}}

@string{vldb07 = {Proc. of the 33rd } # vldb # { (VLDB'07)}}

@string{vldb95 = {Proc. of the 21st } # vldb # { (VLDB'95)}}

@string{vldb98 = {Proc. of the 24th } # vldb # { (VLDB'98)}}

@string{vldb_short = {VLDB}}

@string{vldbj = {The VLDB Journal: The International Journal on Very Large Data Bases}}


@inproceedings{GKT,
	Author = {Todd J. Green and Grigoris Karvounarakis and Val Tannen},
	Booktitle = {Proc.\ PODS},
	Pages = {31--40},
	Title = {Provenance Semirings},
	Year = {2007}}

@article{DBLP:journals/jcss/GottlobLS02,
	Author = {Georg Gottlob and Nicola Leone and Francesco Scarcello},
	Bibsource = {DBLP, http://dblp.uni-trier.de},
	Ee = {http://dx.doi.org/10.1006/jcss.2001.1809},
	Journal = {J. Comput. Syst. Sci.},
	Number = {3},
	Pages = {579-627},
	Title = {Hypertree Decompositions and Tractable Queries},
	Volume = {64},
	Year = {2002}}

@inproceedings{yan-icde:94,
	Author = {Weipeng P. Yan and Per-{\AA}ke Larson},
	Booktitle = icde94,
	Location = {Houston, USA},
	Pages = {89-100},
	Title = {Performing Group-By before Join},
	Year = {1994}}

@article{DBLP:journals/ftml/WainwrightJ08,
	Author = {Martin J. Wainwright and Michael I. Jordan},
	Bibsource = {DBLP, http://dblp.uni-trier.de},
	Ee = {http://dx.doi.org/10.1561/2200000001},
	Journal = {Foundations and Trends in Machine Learning},
	Number = {1-2},
	Pages = {1-305},
	Title = {Graphical Models, Exponential Families, and Variational Inference},
	Volume = {1},
	Year = {2008}}

@inproceedings{DBLP:conf/dbpl/LibkinW93,
	Author = {Leonid Libkin and Limsoon Wong},
	Bibsource = {DBLP, http://dblp.uni-trier.de},
	Booktitle = {Proc.\ DBPL},
	Ee = {db/conf/dbpl/LibkinW93.html},
	Pages = {97-114},
	Title = {Some Properties of Query Languages for Bags},
	Year = {1993}}

@book{DBLP:books/sp/Libkin04,
	Author = {Leonid Libkin},
	Bibsource = {DBLP, http://dblp.uni-trier.de},
	Isbn = {3-540-21202-7},
	Publisher = {Springer},
	Title = {Elements of Finite Model Theory},
	Year = {2004}}

@inproceedings{DBLP:conf/sigmod/GuptaMS93,
	Author = {Ashish Gupta and Inderpal Singh Mumick and V. S. Subrahmanian},
	Bibsource = {DBLP, http://dblp.uni-trier.de},
	Booktitle = {Proc.\ SIGMOD},
	Date-Modified = {2011-11-01 00:21:44 +0000},
	Ee = {http://doi.acm.org/10.1145/170035.170066, db/conf/sigmod/GuptaMS93.html},
	Pages = {157-166},
	Title = {Maintaining Views Incrementally},
	Year = {1993}}

@inproceedings{DBLP:conf/lics/HesseI02,
	Author = {William Hesse and Neil Immerman},
	Bibsource = {DBLP, http://dblp.uni-trier.de},
	Booktitle = {Proc.\ LICS},
	Ee = {http://doi.ieeecomputersociety.org/10.1109/LICS.2002.1029839},
	Title = {Complete Problems for Dynamic Complexity Classes},
	Year = {2002}}

@article{DBLP:journals/jcss/PatnaikI97,
	Author = {Sushant Patnaik and Neil Immerman},
	Bibsource = {DBLP, http://dblp.uni-trier.de},
	Date-Modified = {2011-11-01 00:27:18 +0000},
	Journal = {Comput. Syst. Sci.},
	Number = {2},
	Pages = {199-209},
	Title = {{Dyn-FO}: A Parallel, Dynamic Complexity Class},
	Volume = {55},
	Year = {1997}}

@article{DBLP:journals/tcs/MiltersenSVT94,
	Author = {Peter Bro Miltersen and Sairam Subramanian and Jeffrey Scott Vitter and Roberto Tamassia},
	Bibsource = {DBLP, http://dblp.uni-trier.de},
	Journal = {Theor. Comput. Sci.},
	Number = {1},
	Pages = {203-236},
	Title = {Complexity Models for Incremental Computation},
	Volume = {130},
	Year = {1994}}

@article{DBLP:journals/pvldb/AhmadK09,
	Author = {Yanif Ahmad and Christoph Koch},
	Bibsource = {DBLP, http://dblp.uni-trier.de},
	Ee = {http://www.vldb.org/pvldb/2/vldb09-1042.pdf},
	Journal = {PVLDB},
	Number = {2},
	Pages = {1566-1569},
	Title = {{DBToaster}: A {SQL} Compiler for High-Performance Delta Processing in Main-Memory Databases},
	Volume = {2},
	Year = {2009}}

@inproceedings{DBLP:conf/dbpl/LibkinW99,
	Author = {Leonid Libkin and Limsoon Wong},
	Bibsource = {DBLP, http://dblp.uni-trier.de},
	Booktitle = {Proc.\ DBPL},
	Ee = {http://link.springer.de/link/service/series/0558/bibs/1949/19490017.htm},
	Pages = {17-30},
	Title = {On the Power of Incremental Evaluation in {SQL}-Like Languages},
	Year = {1999}}

@inproceedings{DBLP:conf/dbpl/LibkinW97a,
	Author = {Leonid Libkin and Limsoon Wong},
	Bibsource = {DBLP, http://dblp.uni-trier.de},
	Booktitle = {Proc.\ DBPL},
	Ee = {db/conf/dbpl/LibkinW97a.html},
	Pages = {222-238},
	Title = {Incremental Recomputation of Recursive Queries with Nested Sets and Aggregate Functions},
	Year = {1997}}

@article{DBLP:journals/tods/BunemanC79,
	Author = {Peter Buneman and Eric K. Clemons},
	Bibsource = {DBLP, http://dblp.uni-trier.de},
	Date-Modified = {2011-11-01 00:12:13 +0000},
	Ee = {http://doi.acm.org/10.1145/320083.320099, db/journals/tods/BunemanC79.html},
	Journal = {ACM TODS},
	Number = {3},
	Pages = {368-382},
	Title = {Efficiently Monitoring Relational Databases},
	Volume = {4},
	Year = {1979}}

@inproceedings{DBLP:conf/sigmod/BlakeleyLT86,
	Author = {Jos{\'e} A. Blakeley and Per-{\AA}ke Larson and Frank Wm. Tompa},
	Bibsource = {DBLP, http://dblp.uni-trier.de},
	Booktitle = {Proc.\ SIGMOD},
	Date-Modified = {2011-11-01 00:18:11 +0000},
	Ee = {http://doi.acm.org/10.1145/16894.16861, db/conf/sigmod/BlakeleyLT86.html},
	Pages = {61-71},
	Title = {Efficiently Updating Materialized Views},
	Year = {1986}}

@inproceedings{DBLP:conf/sigmod/ShmueliI84,
	Author = {Oded Shmueli and Alon Itai},
	Bibsource = {DBLP, http://dblp.uni-trier.de},
	Booktitle = {Proc.\ SIGMOD},
	Date-Modified = {2011-11-01 00:31:53 +0000},
	Ee = {http://doi.acm.org/10.1145/602259.602293, db/conf/sigmod/ShmueliI84.html},
	Pages = {240-255},
	Publisher = {ACM Press},
	Title = {Maintenance of Views},
	Year = {1984}}

@inproceedings{DBLP:conf/vldb/CeriW91,
	Author = {Stefano Ceri and Jennifer Widom},
	Bibsource = {DBLP, http://dblp.uni-trier.de},
	Booktitle = {Proc.\ VLDB},
	Ee = {db/conf/vldb/CeriW91.html},
	Pages = {577-589},
	Title = {Deriving Production Rules for Incremental View Maintenance},
	Year = {1991}}

@article{DBLP:journals/iandc/DongS95,
	Author = {Guozhu Dong and Jianwen Su},
	Bibsource = {DBLP, http://dblp.uni-trier.de},
	Journal = {Inf. Comput.},
	Number = {1},
	Pages = {101-106},
	Title = {Incremental and Decremental Evaluation of Transitive Closure by First-Order Queries},
	Volume = {120},
	Year = {1995}}

@inproceedings{DBLP:conf/dbpl/DongS93,
	Author = {Guozhu Dong and Jianwen Su},
	Bibsource = {DBLP, http://dblp.uni-trier.de},
	Booktitle = {Proc.\ DBPL},
	Ee = {db/conf/dbpl/DongS93.html},
	Pages = {295-308},
	Title = {First-Order Incremental Evaluation of Datalog Queries},
	Year = {1993}}

@inproceedings{DBLP:conf/deductive/GuptaKM92,
	Author = {Ashish Gupta and Dinesh Katiyar and Inderpal Singh Mumick},
	Bibsource = {DBLP, http://dblp.uni-trier.de},
	Booktitle = {Proc.\ Workshop on Deductive Databases, JICSLP},
	Title = {Counting solutions to the View Maintenance Problem},
	Year = {1992}}

@inproceedings{DBLP:conf/pods/RajaramanSU95,
	Author = {Anand Rajaraman and Yehoshua Sagiv and Jeffrey D. Ullman},
	Bibsource = {DBLP, http://dblp.uni-trier.de},
	Booktitle = {Proc.\ PODS},
	Ee = {http://doi.acm.org/10.1145/212433.220199, db/conf/pods/RajaramanSU95.html},
	Pages = {105-112},
	Title = {Answering Queries Using Templates with Binding Patterns},
	Year = {1995}}

@book{Imm1999,
	Address = {New York},
	Author = {Neil Immerman},
	Publisher = {Springer-Verlag},
	Title = {Descriptive Complexity},
	Year = 1999}

@article{DBLP:journals/jcss/BarringtonIS90,
	Author = {David A. Mix Barrington and Neil Immerman and Howard Straubing},
	Bibsource = {DBLP, http://dblp.uni-trier.de},
	Journal = {J. Comput. Syst. Sci.},
	Number = {3},
	Pages = {274-306},
	Title = {On Uniformity within {NC$^1$}},
	Volume = {41},
	Year = {1990}}

@article{DBLP:journals/tcs/Hesse03,
	Author = {William Hesse},
	Bibsource = {DBLP, http://dblp.uni-trier.de},
	Ee = {http://dx.doi.org/10.1016/S0304-3975(02)00740-5},
	Journal = {Theor. Comput. Sci.},
	Number = {3},
	Pages = {473-485},
	Title = {The dynamic complexity of transitive closure is in {DynTC$^{\mbox{0}}$}},
	Volume = {296},
	Year = {2003}}

@article{DBLP:journals/toplas/AcarBH06,
	Author = {Umut A. Acar and Guy E. Blelloch and Robert Harper},
	Bibsource = {DBLP, http://dblp.uni-trier.de},
	Ee = {http://doi.acm.org/10.1145/1186634},
	Journal = {ACM Trans. Program. Lang. Syst.},
	Number = {6},
	Pages = {990-1034},
	Title = {Adaptive functional programming},
	Volume = {28},
	Year = {2006}}

@inproceedings{DBLP:conf/popl/DemersRT81,
	Author = {Alan J. Demers and Thomas W. Reps and Tim Teitelbaum},
	Bibsource = {DBLP, http://dblp.uni-trier.de},
	Booktitle = {Proc.\ POPL},
	Pages = {105-116},
	Title = {Incremental Evaluation for Attribute Grammars with Application to Syntax-Directed Editors},
	Year = {1981}}

@inproceedings{DBLP:conf/popl/PughT89,
	Author = {William Pugh and Tim Teitelbaum},
	Bibsource = {DBLP, http://dblp.uni-trier.de},
	Booktitle = {Proc.\ POPL},
	Title = {Incremental Computation via Function Caching},
	Year = {1989}}

@inproceedings{DBLP:conf/popl/AcarBH03,
	Author = {Umut A. Acar and Guy E. Blelloch and Robert Harper},
	Bibsource = {DBLP, http://dblp.uni-trier.de},
	Booktitle = {Proc.\ POPL},
	Ee = {http://doi.acm.org/10.1145/640128.604133},
	Pages = {14-25},
	Title = {Selective memoization},
	Year = {2003}}

@article{DBLP:journals/jcss/GottlobLS03,
	Author = {Georg Gottlob and Nicola Leone and Francesco Scarcello},
	Bibsource = {DBLP, http://dblp.uni-trier.de},
	Ee = {http://dx.doi.org/10.1016/S0022-0000(03)00030-8},
	Journal = {J. Comput. Syst. Sci.},
	Number = {4},
	Pages = {775-808},
	Title = {Robbers, marshals, and guards: game theoretic and logical characterizations of hypertree width},
	Volume = {66},
	Year = {2003}}

@article{DBLP:journals/tods/PerezAG09,
	Author = {Jorge P{\'e}rez and Marcelo Arenas and Claudio Gutierrez},
	Bibsource = {DBLP, http://dblp.uni-trier.de},
	Ee = {http://doi.acm.org/10.1145/1567274.1567278},
	Journal = {ACM Trans. Database Syst.},
	Number = {3},
	Title = {Semantics and complexity of {SPARQL}},
	Volume = {34},
	Year = {2009}}

@article{DBLP:journals/corr/abs-0812-3788,
	Author = {Michael Schmidt and Michael Meier and Georg Lausen},
	Bibsource = {DBLP, http://dblp.uni-trier.de},
	Ee = {http://arxiv.org/abs/0812.3788},
	Journal = {CoRR},
	Title = {Foundations of {SPARQL} Query Optimization},
	Volume = {abs/0812.3788},
	Year = {2008}}

@book{AHV95,
	Author = {Serge Abiteboul and Richard Hull and Victor Vianu},
	Publisher = {Addison-Wesley},
	Title = {{Foundations of Databases}},
	Year = 1995}

@inproceedings{Yan81,
	Address = {Cannes, France},
	Author = {Mihalis Yannakakis},
	Booktitle = vldb81,
	Pages = {82--94},
	Title = {{``Algorithms for Acyclic Database Schemes''}},
	Year = 1981}

@article{GLS2002,
	Author = {Georg Gottlob and Nicola Leone and Francesco Scarcello},
	Journal = jcss,
	Number = 3,
	Pages = {579--627},
	Title = {{``Hypertree Decompositions and Tractable Queries''}},
	Volume = 64,
	Year = 2002}

@inproceedings{CR1997,
	Address = {Delphi, Greece},
	Author = {Chandra Chekuri and Anand Rajaraman},
	Booktitle = icdt97,
	Pages = {56--70},
	Title = {{Conjunctive Query Containment Revisited''}},
	Year = 1997}

@inproceedings{gray-icde:96,
	Author = {Jim Gray and Adam Bosworth and Andrew Layman and Hamid Pirahesh},
	Booktitle = icde96,
	Pages = {152-159},
	Title = {Data Cube: A Relational Aggregation Operator Generalizing Group-By, Cross-Tab, and Sub-Total},
	Year = {1996}}

@inproceedings{mumick-sigmod:97,
	Author = {Inderpal Singh Mumick and Dallan Quass and Barinderpal Singh Mumick},
	Booktitle = sigmod97,
	Location = {Tucson, USA},
	Pages = {100-111},
	Title = {Maintenance of Data Cubes and Summary Tables in a Warehouse},
	Year = {1997}}

@inproceedings{goldstein-sigmod:01,
	Author = {Jonathan Goldstein and Per-{\AA}ke Larson},
	Booktitle = sigmod01,
	Location = {Santa Barbara, USA},
	Pages = {331-342},
	Title = {Optimizing Queries Using Materialized Views: A practical, scalable solution},
	Year = {2001}}

@inproceedings{palpanas-vldb:02,
	Author = {Themistoklis Palpanas and Richard Sidle and Roberta Cochrane and Hamid Pirahesh},
	Booktitle = vldb02,
	Location = {Hong Kong, China},
	Pages = {802-813},
	Title = {Incremental Maintenance for Non-Distributive Aggregate Functions},
	Year = {2002}}

@inproceedings{yang-icde:05,
	Author = {Hao He and Junyi Xie and Jun Yang and Hai Yu},
	Booktitle = icde05,
	Pages = {106-117},
	Title = {Asymmetric Batch Incremental View Maintenance},
	Year = {2005}}

@inproceedings{zhou-icde:07,
	Author = {Jingren Zhou and Per-{\AA}ke Larson and Jonathan Goldstein and Luping Ding},
	Booktitle = icde07,
	Location = {Istanbul, Turkey},
	Pages = {526-535},
	Title = {Dynamic Materialized Views},
	Year = {2007}}

@inproceedings{zhou-vldb:07,
	Author = {Jingren Zhou and Per-{\AA}ke Larson and Hicham G. Elmongui},
	Booktitle = vldb07,
	Location = {Vienna, Austria},
	Pages = {231-242},
	Title = {Lazy Maintenance of Materialized Views},
	Year = {2007}}

@inproceedings{adelberg-sigmod:97,
	Author = {Brad Adelberg and Hector Garcia-Molina and Jennifer Widom},
	Booktitle = sigmod97,
	Location = {Tucson, USA},
	Pages = {147-158},
	Title = {The STRIP Rule System For Efficiently Maintaining Derived Data},
	Year = {1997}}

@inproceedings{newton-lctes:08,
	Author = {Ryan Newton and Lewis Girod and Michael B. Craig and Samuel Madden and J. Gregory Morrisett},
	Booktitle = {Proc.\ LCTES},
	Location = {Tucson, USA},
	Pages = {131-140},
	Title = {Design and evaluation of a compiler for embedded stream programs},
	Year = {2008}}

@inproceedings{toman-dbtel:01,
	Author = {David Toman and Grant E. Weddell},
	Booktitle = {Databases in Telecommunications},
	Location = {Rome, Italy},
	Pages = {68-87},
	Title = {Query Processing in Embedded Control Programs},
	Year = {2001}}

@inproceedings{raman-icde:08,
	Author = {Vijayshankar Raman and Garret Swart and Lin Qiao and Frederick Reiss and Vijay Dialani and Donald Kossmann and Inderpal Narang and Richard Sidle},
	Booktitle = {Proc.\ ICDE},
	Location = {Cancun, Mexico},
	Pages = {60-69},
	Title = {Constant-Time Query Processing},
	Year = {2008}}

@article{kallman-pvldb:08,
	Author = {Robert Kallman and Hideaki Kimura and Jonathan Natkins and Andrew Pavlo and Alex Rasin and Stanley B. Zdonik and Evan P. C. Jones and Samuel Madden and Michael Stonebraker and Yang Zhang and John Hugg and Daniel J. Abadi},
	Journal = {PVLDB},
	Number = {2},
	Pages = {1496-1499},
	Title = {H-store: a high-performance, distributed main memory transaction processing system},
	Volume = {1},
	Year = {2008}}

@inproceedings{wu-sigmod:06,
	Author = {Eugene Wu and Yanlei Diao and Shariq Rizvi},
	Booktitle = sigmod06,
	Location = {Chicago, USA},
	Pages = {407-418},
	Title = {High-performance complex event processing over streams},
	Year = {2006}}

@inproceedings{agrawal-sigmod:08,
	Author = {Jagrati Agrawal and Yanlei Diao and Daniel Gyllstrom and Neil Immerman},
	Booktitle = sigmod08,
	Location = {Vancouver, Canada},
	Pages = {147-160},
	Title = {Efficient pattern matching over event streams},
	Year = {2008}}

@inproceedings{white-pods:07,
	Author = {Walker M. White and Mirek Riedewald and Johannes Gehrke and Alan J. Demers},
	Booktitle = pods07,
	Location = {Beijing, China},
	Pages = {263-272},
	Title = {What is "next" in event processing?},
	Year = {2007}}

@inproceedings{demers-sigmod:07,
	Author = {Lars Brenna and Alan J. Demers and Johannes Gehrke and Mingsheng Hong and Joel Ossher and Biswanath Panda and Mirek Riedewald and Mohit Thatte and Walker M. White},
	Booktitle = sigmod07,
	Location = {Beijing, China},
	Pages = {1100-1102},
	Title = {Cayuga: a high-performance event processing engine},
	Year = {2007}}

@article{abadi-vldbj:03,
	Author = {Daniel J. Abadi and Don Carney and U\u{g}ur \c{C}etintemel and Mitch Cherniack and Christian Convey and Sangdon Lee and Michael Stonebraker and Nesime Tatbul and Stan Zdonik},
	Journal = vldbj,
	Title = {Aurora: A New Model and Architecture for Data Stream Management},
	Year = {2003}}

@inproceedings{motwani-cidr:03,
	Author = {Rajeev Motwani and Jennifer Widom and Arvind Arasu and Brian Babcock and Shivnath Babu and Mayur Datar and Gurmeet Manku and Chris Olston and Justin Rosenstein and Rohit Varma},
	Booktitle = cidr03,
	Month = jan,
	Title = {Query Processing, Approximation, and Resource Management in a Data Stream Management System},
	Year = 2003}

@inproceedings{Var82,
	Author = {Moshe Y. Vardi},
	Booktitle = {Proc.\ STOC},
	Day = {5--7},
	Month = may,
	Pages = {137--146},
	Title = {The Complexity of Relational Query Languages},
	Year = 1982}

@article{Bre74,
	Author = {R. P. Brent},
	Journal = jacm,
	Pages = {201--206},
	Title = {The Parallel Evaluation of General Arithmetic Expressions},
	Volume = 21,
	Year = 1974}

@book{HMT1971,
	Author = {Leon Henkin and J.D. Monk and Alfred Tarski},
	Publisher = {North-Holland},
	Title = {Cylindric Algebras, Part I},
	Year = 1971}

@inproceedings{boncz-cidr:05,
	Author = {Peter A. Boncz and Marcin Zukowski and Niels Nes},
	Booktitle = cidr05,
	Location = {Asilomar, USA},
	Pages = {225-237},
	Title = {MonetDB/X100: Hyper-Pipelining Query Execution},
	Year = {2005}}

@inproceedings{bohannon-vldb:98,
	Author = {Jerry Baulier and Philip Bohannon and S. Gogate and S. Joshi and C. Gupta and A. Khivesera and Henry F. Korth and Peter McIlroy and J. Miller and P. P. S. Narayan and M. Nemeth and Rajeev Rastogi and Abraham Silberschatz and S. Sudarshan},
	Booktitle = vldb98,
	Editor = {Ashish Gupta and Oded Shmueli and Jennifer Widom},
	Location = {New York, USA},
	Pages = {701},
	Title = {DataBlitz: A High Performance Main-Memory Storage Manager},
	Year = {1998}}

@inproceedings{bohannon-sigmod:99,
	Author = {Baulier,, J. and Bohannon,, P. and Gogate,, S. and Gupta,, C. and Haldar,, S.},
	Booktitle = sigmod99,
	Location = {Philadelphia, USA},
	Pages = {519--520},
	Title = {DataBlitz storage manager: main-memory database performance for critical applications},
	Year = {1999}}

@misc{sec-orderbook:00,
	Author = {Arthur Levitt},
	Title = {Speech by SEC Chairman: Visible Prices, Accessible Markets, Order Interaction. {http://www.sec.gov/news/speech/spch355.htm}},
	Year = {2000}}

@misc{poneil-ssb:07,
	Author = {Patrick O'Neil and Elizabeth O'Neil and Xuedong Chen},
	Month = jan,
	Title = {The Star Schema Benchmark. {http://www.cs.umb.edu/$\sim$poneil/StarSchemaB.PDF}},
	Year = {2007}}

@inproceedings{arasu-vldb:04,
	Author = {Arvind Arasu and Mitch Cherniack and Eduardo F. Galvez and David Maier and Anurag Maskey and Esther Ryvkina and Michael Stonebraker and Richard Tibbetts},
	Booktitle = vldb04,
	Location = {Toronto, Canada},
	Pages = {480-491},
	Title = {Linear Road: A Stream Data Management Benchmark},
	Year = {2004}}

@inproceedings{gedik-sigmod:08,
	Author = {Bugra Gedik and Henrique Andrade and Kun-Lung Wu and Philip Yu and Myungcheol Doo},
	Booktitle = sigmod08,
	Location = {Vancouver, Canada},
	Pages = {1123--1134},
	Title = {{SPADE}: the {System S} declarative stream processing engine},
	Year = {2008}}

@misc{totalview-url,
	Title = {{NASDAQ TotalView} order book, {http://www.nasdaqtrader.com/Trader.aspx?id=TotalView}}}

@article{bowman-tods:05,
	Author = {Ivan T. Bowman and Kenneth Salem},
	Journal = tods,
	Number = {4},
	Pages = {1056-1101},
	Title = {Optimization of query streams using semantic prefetching},
	Volume = {30},
	Year = {2005}}

@misc{streambase,
	Title = {{StreamBase Systems}, {http://www.streambase.com}}}

@misc{sb-patent,
	Author = {Jon Salz and Richard Tibbetts},
	Date = {Dec 22, 2006},
	Title = {Stream processor with compiled programs, {U.S. Patent Application}, {app. \#11/644,189, pub. \#US 2008/0134158 A1}}}

@misc{tpch-url,
	Title = {{TPC-H v2.8.0 Specification}, {http://www.tpc.org/tpch/spec/tpch2.8.0.pdf}}}

@article{chamberlin-tods:81,
	Author = {Donald D. Chamberlin and Morton M. Astrahan and W. Frank King III and Raymond A. Lorie and James W. Mehl and Thomas G. Price and Mario Schkolnick and Patricia G. Selinger and Donald R. Slutz and Bradford W. Wade and Robert A. Yost},
	Journal = {ACM Trans. Database Syst.},
	Number = {1},
	Pages = {70-94},
	Title = {Support for Repetitive Transactions and Ad Hoc Queries in System R},
	Volume = {6},
	Year = {1981}}

@article{graefe-tkde:94,
	Author = {Goetz Graefe},
	Journal = {IEEE Trans. Knowl. Data Eng.},
	Number = {1},
	Pages = {120-135},
	Title = {Volcano - An Extensible and Parallel Query Evaluation System},
	Volume = {6},
	Year = {1994}}

@article{batory-tse:88,
	Author = {Don S. Batory and J. R. Barnett and J. F. Garza and K. P. Smith and K. Tsukuda and B. C. Twichell and T. E. Wise},
	Journal = {IEEE Trans. Software Eng.},
	Number = {11},
	Pages = {1711-1730},
	Title = {GENESIS: An Extensible Database Management System},
	Volume = {14},
	Year = {1988}}

@book{DF2004,
	Author = {David S. Dummit and Richard M. Foote},
	Edition = {3rd},
	Publisher = {John Wiley \& Sons},
	Title = {{Abstract Algebra}},
	Year = 2004}

@book{Lang2002,
	Author = {Serge Lang},
	Edition = {Revised 3rd},
	Publisher = {Springer-Verlag},
	Series = {Graduate Texts in Mathematics},
	Title = {Algebra},
	Year = 2002}

@incollection{Joh90,
	Author = {David S. Johnson},
	Booktitle = {Handbook of Theoretical Computer Science},
	Chapter = 2,
	Editor = {Jan van Leeuwen},
	Pages = {67--161},
	Publisher = {Elsevier Science Publishers B.V.},
	Title = {A Catalog of Complexity Classes},
	Volume = 1,
	Year = 1990}

@inproceedings{1154557,
	Address = {Washington, DC, USA},
	Author = {Gurumurthi, S. and Zhang, Jianyong and Sivasubramaniam, A. and Kandemir, M. and Franke, H. and Vijaykrishnan, N. and Irwin, M. J.},
	Booktitle = {ISPASS '03: Proceedings of the 2003 IEEE International Symposium on Performance Analysis of Systems and Software},
	Date-Added = {2009-10-28 22:06:53 -0400},
	Date-Modified = {2009-10-28 22:06:53 -0400},
	Isbn = {0-7803-7756-7},
	Pages = {123--132},
	Publisher = {IEEE Computer Society},
	Title = {Interplay of energy and performance for disk arrays running transaction processing workloads},
	Year = {2003}}

@manual{tpch2008,
	Date-Added = {2009-10-28 02:01:03 -0400},
	Date-Modified = {2009-10-28 12:58:26 -0400},
	Edition = {Revision 2.8.0},
	Note = {http://www.tpc.org/tpch/spec/tpch2.6.0.pdf},
	Organization = {{Transaction Processing Performance Council}},
	Title = {{TPC Benchmark H (Decision Support)}},
	Year = {2008}}

@article{DBLP:journals/pvldb/SallesCSDGKW09,
	Author = {Marcos Antonio Vaz Salles and Tuan Cao and Benjamin Sowell and Alan J. Demers and Johannes Gehrke and Christoph Koch and Walker M. White},
	Bibsource = {DBLP, http://dblp.uni-trier.de},
	Ee = {http://www.vldb.org/pvldb/2/vldb09-387.pdf},
	Journal = {PVLDB},
	Number = {1},
	Pages = {1258-1269},
	Title = {An Evaluation of Checkpoint Recovery for Massively Multiplayer Online Games},
	Volume = {2},
	Year = {2009}}

@article{datacube,
	Author = {Jim Gray and Surajit Chaudhuri and Adam Bosworth and Andrew Layman and Don Reichart and Murali Venkatrao and Frank Pellow and Hamid Pirahesh},
	Date-Added = {2009-10-16 09:58:25 -0400},
	Date-Modified = {2009-10-16 10:00:44 -0400},
	Journal = {Data Mining and Knowledge Discovery},
	Month = {March},
	Number = {1},
	Pages = {29-53},
	Title = {Data Cube: A Relational Aggregation Operator Generalizing Group-By, Cross-Tab, and Sub-Totals},
	Volume = {1},
	Year = {1997}}

@article{318586,
	Address = {New York, NY, USA},
	Author = {Nievergelt, J. and Hinterberger, Hans and Sevcik, Kenneth C.},
	Date-Added = {2009-10-16 09:55:58 -0400},
	Date-Modified = {2009-10-16 09:55:58 -0400},
	Doi = {http://doi.acm.org/10.1145/348.318586},
	Issn = {0362-5915},
	Journal = {ACM Trans. Database Syst.},
	Number = {1},
	Pages = {38--71},
	Publisher = {ACM},
	Title = {The Grid File: An Adaptable, Symmetric Multikey File Structure},
	Volume = {9},
	Year = {1984},
	Bdsk-Url-1 = {http://doi.acm.org/10.1145/348.318586}}

@article{DBLP:journals/tocs/ChangDGHWBCFG08,
	Author = {Fay Chang and Jeffrey Dean and Sanjay Ghemawat and Wilson C. Hsieh and Deborah A. Wallach and Michael Burrows and Tushar Chandra and Andrew Fikes and Robert E. Gruber},
	Bibsource = {DBLP, http://dblp.uni-trier.de},
	Ee = {http://doi.acm.org/10.1145/1365815.1365816},
	Journal = {ACM Trans. Comput. Syst.},
	Number = {2},
	Title = {Bigtable: A Distributed Storage System for Structured Data},
	Volume = {26},
	Year = {2008}}

@inproceedings{DBLP:conf/sigmod/AcharyaGPR99,
	Author = {Swarup Acharya and Phillip B. Gibbons and Viswanath Poosala and Sridhar Ramaswamy},
	Bibsource = {DBLP, http://dblp.uni-trier.de},
	Booktitle = {Proc.\ SIGMOD Conference},
	Ee = {http://doi.acm.org/10.1145/304182.304581, db/conf/sigmod/AcharyaGPR99.html},
	Pages = {574-576},
	Title = {The Aqua Approximate Query Answering System},
	Year = {1999}}

@inproceedings{DBLP:conf/pods/Batory88,
	Author = {Don S. Batory},
	Bibsource = {DBLP, http://dblp.uni-trier.de},
	Booktitle = {Proceedings of the Seventh ACM SIGACT-SIGMOD-SIGART Symposium on Principles of Database Systems, March 21-23, 1988, Austin, Texas},
	Ee = {http://doi.acm.org/10.1145/308386.308435, db/conf/pods/Batory88.html},
	Isbn = {0-89791-263-2},
	Pages = {184-192},
	Publisher = {ACM},
	Title = {Concepts for a Database System Compiler},
	Year = {1988}}

@article{DBLP:journals/jiis/BatoryT97,
	Author = {Don S. Batory and Jeff Thomas},
	Bibsource = {DBLP, http://dblp.uni-trier.de},
	Journal = {J. Intell. Inf. Syst.},
	Number = {2},
	Pages = {107-123},
	Title = {P2: A Lightweight DBMS Generator},
	Volume = {9},
	Year = {1997}}

@article{DBLP:journals/cacm/DeanG08,
	Author = {Jeffrey Dean and Sanjay Ghemawat},
	Bibsource = {DBLP, http://dblp.uni-trier.de},
	Ee = {http://doi.acm.org/10.1145/1327452.1327492},
	Journal = {Commun. ACM},
	Number = {1},
	Pages = {107-113},
	Title = {MapReduce: simplified data processing on large clusters},
	Volume = {51},
	Year = {2008}}

@book{DBLP:books/aw/AbiteboulHV95,
	Author = {Serge Abiteboul and Richard Hull and Victor Vianu},
	Bibsource = {DBLP, http://dblp.uni-trier.de},
	Isbn = {0-201-53771-0},
	Publisher = {Addison-Wesley},
	Title = {Foundations of Databases},
	Year = {1995}}

@inproceedings{DBLP:conf/sigmod/RusuXPWJJD08,
	Author = {Florin Rusu and Fei Xu and Luis Leopoldo Perez and Mingxi Wu and Ravi Jampani and Chris Jermaine and Alin Dobra},
	Bibsource = {DBLP, http://dblp.uni-trier.de},
	Booktitle = {Proc.\ SIGMOD Conference},
	Ee = {http://doi.acm.org/10.1145/1376616.1376740},
	Pages = {1223-1226},
	Title = {The DBO database system},
	Year = {2008}}

@inproceedings{DBLP:conf/sigmod/HaasH99,
	Author = {Peter J. Haas and Joseph M. Hellerstein},
	Bibsource = {DBLP, http://dblp.uni-trier.de},
	Booktitle = {Proc.\ SIGMOD Conference},
	Ee = {http://doi.acm.org/10.1145/304182.304208, db/conf/sigmod/HaasH99.html},
	Pages = {287-298},
	Title = {Ripple Joins for Online Aggregation},
	Year = {1999}}

@misc{dbcolumn,
	Author = {David J. DeWitt and Michael Stonebraker},
	Note = {http://databasecolumn.vertica.com/database-innovation/mapreduce-a-major-step-backwards/}}

@inproceedings{DBLP:conf/sigmod/PavloPRADMS09,
	Author = {Andrew Pavlo and Erik Paulson and Alexander Rasin and Daniel J. Abadi and David J. DeWitt and Samuel Madden and Michael Stonebraker},
	Bibsource = {DBLP, http://dblp.uni-trier.de},
	Booktitle = {Proc.\ SIGMOD Conference},
	Ee = {http://doi.acm.org/10.1145/1559845.1559865},
	Pages = {165-178},
	Title = {A comparison of approaches to large-scale data analysis},
	Year = {2009}}

@article{DBLP:journals/tods/Batory79,
	Author = {Don S. Batory},
	Bibsource = {DBLP, http://dblp.uni-trier.de},
	Ee = {http://doi.acm.org/10.1145/320107.320125, db/journals/tods/Batory79.html},
	Journal = {ACM Trans. Database Syst.},
	Number = {4},
	Pages = {531-544},
	Title = {On Searching Transposed Files},
	Volume = {4},
	Year = {1979}}

@inproceedings{DBLP:conf/cidr/KerstenM05,
	Author = {Martin L. Kersten and Stefan Manegold},
	Bibsource = {DBLP, http://dblp.uni-trier.de},
	Booktitle = {Proc.\ CIDR},
	Ee = {http://www.cidrdb.org/cidr2005/papers/P18.pdf},
	Pages = {213-224},
	Title = {Cracking the Database Store},
	Year = {2005}}

@inproceedings{DBLP:conf/vldb/StonebrakerMAHHH07,
	Author = {Michael Stonebraker and Samuel Madden and Daniel J. Abadi and Stavros Harizopoulos and Nabil Hachem and Pat Helland},
	Bibsource = {DBLP, http://dblp.uni-trier.de},
	Booktitle = {Proc.\ VLDB},
	Ee = {http://www.vldb.org/conf/2007/papers/industrial/p1150-stonebraker.pdf},
	Pages = {1150-1160},
	Title = {The End of an Architectural Era (It's Time for a Complete Rewrite)},
	Year = {2007}}

@article{DBLP:journals/pvldb/KallmanKNPRZJMSZHA08,
	Author = {Robert Kallman and Hideaki Kimura and Jonathan Natkins and Andrew Pavlo and Alex Rasin and Stanley B. Zdonik and Evan P. C. Jones and Samuel Madden and Michael Stonebraker and Yang Zhang and John Hugg and Daniel J. Abadi},
	Bibsource = {DBLP, http://dblp.uni-trier.de},
	Ee = {http://www.vldb.org/pvldb/1/1454211.pdf},
	Journal = {PVLDB},
	Number = {2},
	Pages = {1496-1499},
	Title = {H-store: a high-performance, distributed main memory transaction processing system},
	Volume = {1},
	Year = {2008}}

@inproceedings{GIT2009,
	Address = {St.\ Petersburg, Russia},
	Author = {Todd J. Green and Zachary Ives and Val Tannen},
	Booktitle = {Proc.\ ICDT},
	Title = {Reconcilable Differences},
	Year = 2009}

@inproceedings{Smo1987,
	Author = {R. Smolenski},
	Booktitle = {Proc.\ STOC},
	Pages = {77--82},
	Title = {Algebraic methods in the theory of lower bounds for Boolean circuit complexity},
	Year = 1987}

@article{GHJ1996,
	Author = {Shahram Ghandeharizadeh and Richard Hull and Dean Jacobs},
	Date-Modified = {2011-11-01 00:30:36 +0000},
	Journal = {ACM TODS},
	Month = sep,
	Number = 3,
	Pages = {370--426},
	Title = {Heraclitus: Elevating deltas to be first-class citizens in a database programming language},
	Volume = 21,
	Year = 1996}
