@string{sigmod = "ACM SIGMOD International Conference on Management of Data"}
@string{sigmod_short = {SIGMOD}}

@string{vldb = "International Conference on Very Large Data Bases"}
@string{vldb_short = {VLDB}}

@string{icde = "International Conference on Data Engineering"}
@string{icde_short = {ICDE}}

@string{cidr = "Conference on Innovative Data Systems Research"}
@string{cidr_short = {CIDR}}

@string{pods = "ACM Symposium on Principles of Database Systems"}

@string{tods = "ACM Transactions on Database Systems"}
@string{vldbj = "The VLDB Journal: The International Journal on Very Large Data Bases"}

@string{icde94   = "Proc. of the 10th " # icde # " (ICDE'94)"}
@string{icde96   = "Proc. of the 12th " # icde # " (ICDE'96)"}
@string{icde05   = "Proc. of the 21st " # icde # " (ICDE'05)"}
@string{icde07   = "Proc. of the 23rd " # icde # " (ICDE'07)"}

@string{sigmod95 = "Proc. of the 1995 " # sigmod}
@string{sigmod96 = "Proc. of the 1996 " # sigmod}
@string{sigmod97 = "Proc. of the 1997 " # sigmod}
@string{sigmod99 = "Proc. of the 1999 " # sigmod}
@string{sigmod06 = "Proc. of the 2006 " # sigmod}
@string{sigmod07 = "Proc. of the 2007 " # sigmod}
@string{sigmod08 = "Proc. of the 2008 " # sigmod}

@string{vldb95   = "Proc. of the 21st " # vldb # " (VLDB'95)"}
@string{vldb98   = "Proc. of the 24th " # vldb # " (VLDB'98)"}
@string{vldb02   = "Proc. of the 28th " # vldb # " (VLDB'02)"}
@string{vldb07   = "Proc. of the 33rd " # vldb # " (VLDB'07)"}

@string{cidr03   = "Proc. of the First Biennial " # cidr # " (CIDR'03)"}
@string{cidr05   = "Proc. of the Second Biennial " # cidr # " (CIDR'05)"}
@string{pods07   = "Proc. of the 26th " # pods # " (PODS'07)"}


@inproceedings{delite:11,
   title ={A Heterogeneous Parallel Framework for Domain-Specific Languages},
   author = {?Kevin J. Brown and Arvind K. Sujeeth and HyoukJoong Lee and Tiark Rompf and Hassan Chafi and Martin Odersky and Kunle Olukotun},
   booktitle = {Proc. PACT?11: 20th International Conference on Parallel Architectures and Compilation Techniques},
   year = 2011
}



@inproceedings{yan-icde:94,
  author    = {Weipeng P. Yan and
               Per-{\AA}ke Larson},
  title     = {Performing Group-By before Join},
  booktitle = icde94,
  year      = {1994},
  pages     = {89-100},
  location  = {Houston, USA},
}

@inproceedings{berkeleydb,
  author = {Michael A. Olson and Keith Bostic and Margo Seltzer},
  title = {Berkeley DB},
  booktitle = {Proc. of the 1999 USENIX Annual Technical Conference},
  year      = {1999},
  pages     = {183-192},
  location  = {Monterey, CA}
}

@inproceedings{colt,
  author = {Karl Schnaitter and Serge Abiteboul and Tova Milo and Neoklis Polyzotis},
  title = {COLT: Continuous On-Line Database Tuning},
  booktitle = sigmod06,
  year = 2006,
  pages = {793-795},
  location = {Chicago, IL}
}

@inproceedings{ChaudhuriN07,
  author    = {Surajit Chaudhuri and
               Vivek R. Narasayya},
  title     = {Self-Tuning Database Systems: A Decade of Progress},
  booktitle = vldb07,
  year      = {2007},
  pages     = {3-14},
  ee        = {http://www.vldb.org/conf/2007/papers/special/p3-chaudhuri.pdf},
  bibsource = {DBLP, http://dblp.uni-trier.de}
}

@inproceedings{rangequeries,
  author = {Ho, Ching-Tien and Agrawal, Rakesh and Megiddo, Nimrod and Srikant, Ramakrishnan},
  title = {Range queries in OLAP data cubes},
  booktitle = {SIGMOD '97: Proceedings of the 1997 ACM SIGMOD international conference on Management of data},
  year = {1997},
  isbn = {0-89791-911-4},
  pages = {73--88},
  location = {Tucson, Arizona, United States},
  doi = {http://doi.acm.org/10.1145/253260.253274},
  publisher = {ACM},
  address = {New York, NY, USA},
}

@book(AHV95,
   author    = {Serge Abiteboul and Richard Hull and Victor Vianu},
   title     = "{Foundations of Databases}",
   year      = 1995,
   publisher = "Addison-Wesley"
)

@inproceedings(Yan81,
   author = {Mihalis Yannakakis},
   title = "{``Algorithms for Acyclic Database Schemes''}",
   booktitle = vldb81,
   year = 1981,
   pages = {82--94},
   address = {Cannes, France}
)


@article(GLS2002,
   author    = {Georg Gottlob and Nicola Leone and Francesco Scarcello},
   title     = "{``Hypertree Decompositions and Tractable Queries''}",
   journal   = jcss,
   volume    = {{\bf 64}},
   number    = 3,
   pages     = {579--627},
   year      = 2002
)

@inproceedings(CR1997,
   author    = {Chandra Chekuri and Anand Rajaraman},
   title     = "{Conjunctive Query Containment Revisited''}",
   booktitle = icdt97,
   pages     = {56--70},
   year      = 1997,
   address   = {Delphi, Greece}
)




@inproceedings{griffin-sigmod:95,
  author    = {Timothy Griffin and
               Leonid Libkin},
  title     = {Incremental Maintenance of Views with Duplicates},
  booktitle = sigmod95,
  year      = {1995},
  pages     = {328-339},
  location  = {San Jose, USA},
}

@inproceedings{yan-vldb:95,
  author    = {Weipeng P. Yan and
               Per-{\AA}ke Larson},
  title     = {Eager Aggregation and Lazy Aggregation},
  booktitle = vldb95,
  year      = {1995},
  pages     = {345-357},
  location  = {Zurich, Switzerland},
}

@inproceedings{gray-icde:96,
  author    = {Jim Gray and
               Adam Bosworth and
               Andrew Layman and
               Hamid Pirahesh},
  title     = {Data Cube: A Relational Aggregation Operator Generalizing
               Group-By, Cross-Tab, and Sub-Total},
  booktitle = icde96,
  year      = {1996},
  pages     = {152-159},
}

@inproceedings{colby-sigmod:96,
  author    = {Latha S. Colby and
               Timothy Griffin and
               Leonid Libkin and
               Inderpal Singh Mumick and
               Howard Trickey},
  title     = {Algorithms for Deferred View Maintenance},
  booktitle = sigmod96,
  year      = {1996},
  pages     = {469-480},
  location  = {Montreal, Canada},
}

@inproceedings{mumick-sigmod:97,
  author    = {Inderpal Singh Mumick and
               Dallan Quass and
               Barinderpal Singh Mumick},
  title     = {Maintenance of Data Cubes and Summary Tables in a Warehouse},
  booktitle = sigmod97,
  year      = {1997},
  pages     = {100-111},
  location  = {Tucson, USA}
}

@inproceedings{goldstein-sigmod:01,
  author    = {Jonathan Goldstein and
               Per-{\AA}ke Larson},
  title     = {Optimizing Queries Using Materialized Views: A practical,
               scalable solution},
  booktitle = sigmod01,
  year      = {2001},
  pages     = {331-342},
  location  = {Santa Barbara, USA},
}

@inproceedings{palpanas-vldb:02,
  author    = {Themistoklis Palpanas and
               Richard Sidle and
               Roberta Cochrane and
               Hamid Pirahesh},
  title     = {Incremental Maintenance for Non-Distributive Aggregate Functions},
  booktitle = vldb02,
  year      = {2002},
  pages     = {802-813},
  location  = {Hong Kong, China},
}

@inproceedings{yang-icde:05,
  author    = {Hao He and
               Junyi Xie and
               Jun Yang and
               Hai Yu},
  title     = {Asymmetric Batch Incremental View Maintenance},
  booktitle = icde05,
  year      = {2005},
  pages     = {106-117},
}

@inproceedings{zhou-icde:07,
  author    = {Jingren Zhou and
               Per-{\AA}ke Larson and
               Jonathan Goldstein and
               Luping Ding},
  title     = {Dynamic Materialized Views},
  booktitle = icde07,
  year      = {2007},
  pages     = {526-535},
  location  = {Istanbul, Turkey},
}

@inproceedings{zhou-vldb:07,
  author    = {Jingren Zhou and
               Per-{\AA}ke Larson and
               Hicham G. Elmongui},
  title     = {Lazy Maintenance of Materialized Views},
  booktitle = vldb07,
  year      = {2007},
  pages     = {231-242},
  location  = {Vienna, Austria},
}

@article{roussopoulos-tods:91,
  author    = {Nick Roussopoulos},
  title     = {An Incremental Access Method for ViewCache: Concept, Algorithms,
               and Cost Analysis},
  journal   = tods,
  volume    = {16},
  number    = {3},
  year      = {1991},
  pages     = {535-563},
}

@article{kotidis-tods:01,
  author    = {Yannis Kotidis and
               Nick Roussopoulos},
  title     = {A case for dynamic view management},
  journal   = tods,
  volume    = {26},
  number    = {4},
  year      = {2001},
  pages     = {388-423},
}

@inproceedings{adelberg-sigmod:97,
  author    = {Brad Adelberg and
               Hector Garcia-Molina and
               Jennifer Widom},
  title     = {The STRIP Rule System For Efficiently Maintaining Derived
               Data},
  booktitle = sigmod97,
  year      = {1997},
  pages     = {147-158},
  location  = {Tucson, USA},
}

@inproceedings{newton-lctes:08,
  author    = {Ryan Newton and
               Lewis Girod and
               Michael B. Craig and
               Samuel Madden and
               J. Gregory Morrisett},
  title     = {Design and evaluation of a compiler for embedded stream
               programs},
  booktitle = {LCTES},
  year      = {2008},
  pages     = {131-140},
  location  = {Tucson, USA}
}

@inproceedings{toman-dbtel:01,
  author    = {David Toman and
               Grant E. Weddell},
  title     = {Query Processing in Embedded Control Programs},
  booktitle = {Databases in Telecommunications},
  year      = {2001},
  pages     = {68-87},
  location  = {Rome, Italy}
}

@inproceedings{raman-icde:08,
  author    = {Vijayshankar Raman and
               Garret Swart and
               Lin Qiao and
               Frederick Reiss and
               Vijay Dialani and
               Donald Kossmann and
               Inderpal Narang and
               Richard Sidle},
  title     = {Constant-Time Query Processing},
  booktitle = {ICDE},
  year      = {2008},
  pages     = {60-69},
  location  = {Cancun, Mexico}
}

@article{kallman-pvldb:08,
  author    = {Robert Kallman and
               Hideaki Kimura and
               Jonathan Natkins and
               Andrew Pavlo and
               Alex Rasin and
               Stanley B. Zdonik and
               Evan P. C. Jones and
               Samuel Madden and
               Michael Stonebraker and
               Yang Zhang and
               John Hugg and
               Daniel J. Abadi},
  title     = {H-store: a high-performance, distributed main memory transaction
               processing system},
  journal   = {PVLDB},
  volume    = {1},
  number    = {2},
  year      = {2008},
  pages     = {1496-1499},
}

@inproceedings{wu-sigmod:06,
  author    = {Eugene Wu and
               Yanlei Diao and
               Shariq Rizvi},
  title     = {High-performance complex event processing over streams},
  booktitle = sigmod06,
  year      = {2006},
  pages     = {407-418},
  location  = {Chicago, USA},
}

@inproceedings{agrawal-sigmod:08,
  author    = {Jagrati Agrawal and
               Yanlei Diao and
               Daniel Gyllstrom and
               Neil Immerman},
  title     = {Efficient pattern matching over event streams},
  booktitle = sigmod08,
  year      = {2008},
  pages     = {147-160},
  location  = {Vancouver, Canada},
}


@inproceedings{white-pods:07,
  author    = {Walker M. White and
               Mirek Riedewald and
               Johannes Gehrke and
               Alan J. Demers},
  title     = {What is "next" in event processing?},
  booktitle = pods07,
  year      = {2007},
  pages     = {263-272},
  location  = {Beijing, China},
}

@inproceedings{demers-sigmod:07,
  author    = {Lars Brenna and
               Alan J. Demers and
               Johannes Gehrke and
               Mingsheng Hong and
               Joel Ossher and
               Biswanath Panda and
               Mirek Riedewald and
               Mohit Thatte and
               Walker M. White},
  title     = {Cayuga: a high-performance event processing engine},
  booktitle = sigmod07,
  year      = {2007},
  pages     = {1100-1102},
  location  = {Beijing, China},
}

@article{abadi-vldbj:03,
    author = {Daniel J. Abadi and Don Carney and
              U\u{g}ur \c{C}etintemel and Mitch Cherniack and
              Christian Convey and Sangdon Lee and Michael Stonebraker and
              Nesime Tatbul and Stan Zdonik},
    title = {Aurora: A New Model and Architecture for Data Stream Management},
    journal = vldbj,
    year = {2003},
}

@inproceedings{boncz-cidr:05,
  author    = {Peter A. Boncz and
               Marcin Zukowski and
               Niels Nes},
  title     = {MonetDB/X100: Hyper-Pipelining Query Execution},
  booktitle = cidr05,
  year      = {2005},
  pages     = {225-237},
  location  = {Asilomar, USA}
}

@inproceedings{bohannon-vldb:98,
  author    = {Jerry Baulier and
               Philip Bohannon and
               S. Gogate and
               S. Joshi and
               C. Gupta and
               A. Khivesera and
               Henry F. Korth and
               Peter McIlroy and
               J. Miller and
               P. P. S. Narayan and
               M. Nemeth and
               Rajeev Rastogi and
               Abraham Silberschatz and
               S. Sudarshan},
  editor    = {Ashish Gupta and
               Oded Shmueli and
               Jennifer Widom},
  title     = {DataBlitz: A High Performance Main-Memory Storage Manager},
  booktitle = vldb98,
  year      = {1998},
  pages     = {701},
  location  = {New York, USA},
}

@inproceedings{bohannon-sigmod:99,
 author    = {Baulier,, J. and Bohannon,, P. and Gogate,, S. and Gupta,, C. and Haldar,, S.},
 title     = {DataBlitz storage manager: main-memory database performance for critical applications},
 booktitle = sigmod99,
 year      = {1999},
 pages     = {519--520},
 location  = {Philadelphia, USA},
}

@misc{sec-orderbook:00,
 author    = {Arthur Levitt},
 title     = {Speech by SEC Chairman: Visible Prices, Accessible Markets, Order Interaction. {http://www.sec.gov/news/speech/spch355.htm}},
 year      = {2000},
}

@misc{poneil-ssb:07,
 author    = {Patrick O'Neil and Elizabeth O'Neil and Xuedong Chen},
 title     = {The Star Schema Benchmark. {http://www.cs.umb.edu/~poneil/StarSchemaB.PDF
}},
 month     = January,
 year      = {2007},
}

@inproceedings{arasu-vldb:04,
  author    = {Arvind Arasu and
               Mitch Cherniack and
               Eduardo F. Galvez and
               David Maier and
               Anurag Maskey and
               Esther Ryvkina and
               Michael Stonebraker and
               Richard Tibbetts},
  title     = {Linear Road: A Stream Data Management Benchmark},
  booktitle = vldb04,
  year      = {2004},
  pages     = {480-491},
  location  = {Toronto, Canada}
}

@inproceedings{gedik-sigmod:08,
  author    = {Bugra Gedik and
               Henrique Andrade and
               Kun-Lung Wu and
               Philip Yu and
               Myungcheol Doo},
  title     = {{SPADE}: the {System S} declarative stream processing engine},
  booktitle = sigmod08,
  year      = {2008},
  pages     = {1123--1134},
  location  = {Vancouver, Canada},
}

@misc {totalview-url,
  title     = {{NASDAQ TotalView} order book, {http://www.nasdaqtrader.com/Trader.aspx?id=TotalView}}
}

@article{bowman-tods:05,
  author    = {Ivan T. Bowman and
               Kenneth Salem},
  title     = {Optimization of query streams using semantic prefetching},
  journal   = tods,
  volume    = {30},
  number    = {4},
  year      = {2005},
  pages     = {1056-1101},
}

@misc {mssql-viewrestrict,
	title	= {{Microsoft SQL Server 2008} Indexed View Documentation, View Restrictions. {http://msdn.microsoft.com/en-us/library/dd171921.aspx}}
}

@misc {oracle-viewrestrict,
	title   = {{Oracle Database 11g Release 1 Documentation}, {\tiny{http://download.oracle.com/docs/cd/B28359\_01/server.111/\\b28313/basicmv.htm\#i1007007}}}
}

@misc {db2-viewrestrict,
	title = {{IBM DB2 Database Version 9.5 Documentation}, {\tiny{http://publib.boulder.ibm.com/infocenter/db2luw/v9r5/index.jsp?topic\=/com.ibm.db2.luw.sql.ref.doc/doc/r0000927.html}}}
}

@misc {streambase,
    title = {{StreamBase Systems}, {http://www.streambase.com}}    
}

@misc {sb-patent,
    title     = {Stream processor with compiled programs, {U.S. Patent Application}, {app. \#11/644,189, pub. \#US 2008/0134158 A1}},
    author    = {Jon Salz and Richard Tibbetts},
    date      = {Dec 22, 2006}
}

@misc(Becht2010,
   author={Andreas von Bechtoldsheim},
   title = {Invited talk, {EPFL}, Sept.\ 21, 2010}
)

@misc(Iati2009,
   author = {Rob Iati},
   title = "{The Real Story of Trading Software Espionage,
            AdvancedTrading.com},July 10, 2009"
)


@article{buneman-kleisli:95,
  author    = {Peter Buneman and
               Shamim A. Naqvi and
               Val Tannen and
               Limsoon Wong},
  title     = {Principles of Programming with Complex Objects and Collection
               Types},
  journal   = {Theor. Comput. Sci.},
  volume    = {149},
  number    = {1},
  year      = {1995},
  pages     = {3-48},
  ee        = {http://dx.doi.org/10.1016/0304-3975(95)00024-Q},
}

@article{aji-toit:00,
  author    = {Srinivas M. Aji and
               Robert J. McEliece},
  title     = {The generalized distributive law},
  journal   = {IEEE Transactions on Information Theory},
  volume    = {46},
  number    = {2},
  year      = {2000},
  pages     = {325-343},
}

@inproceedings{abadi-icde:07,
  author    = {Daniel J. Abadi and
               Daniel S. Myers and
               David J. DeWitt and
               Samuel Madden},
  title     = {Materialization Strategies in a Column-Oriented DBMS},
  booktitle = {ICDE},
  year      = {2007},
  pages     = {466-475},
  ee        = {http://dx.doi.org/10.1109/ICDE.2007.367892},
}

@inproceedings{koch-pods:10,
  author    = {Christoph Koch},
  title     = {Incremental query evaluation in a ring of databases},
  booktitle = {PODS},
  year      = {2010},
  pages     = {87-98},
  ee        = {http://doi.acm.org/10.1145/1807085.1807100},
}

@inproceedings{kennedy-ahmad-koch-cidr:11,
   author = {Oliver Kennedy and Yanif Ahmad and Christoph Koch},
   title = {DBToaster: Agile Views for a Dynamic Data Management System},
   booktitle = {Proc.\ CIDR},
   year = 2011,
   pages = {284--295}
}

@inproceedings{olston-cidr:09,
  author    = {Christopher Olston and
               Edward Bortnikov and
               Khaled Elmeleegy and
               Flavio Junqueira and
               Benjamin Reed},
  title     = {Interactive Analysis of Web-Scale Data},
  booktitle = {CIDR},
  year      = {2009},
  ee        = {http://www-db.cs.wisc.edu/cidr/cidr2009/Paper_21.pdf},

}

@inproceedings{bast-cidr:07,
  author    = {Holger Bast and
               Ingmar Weber},
  title     = {The CompleteSearch Engine: Interactive, Efficient, and Towards
               IR{\&} DB Integration},
  booktitle = {CIDR},
  year      = {2007},
  pages     = {88-95},
  ee        = {http://www.cidrdb.org/cidr2007/papers/cidr07p09.pdf},
}

@inproceedings{ceri-vldb:00,
  author    = {Stefano Ceri and
               Roberta Cochrane and
               Jennifer Widom},
  title     = {Practical Applications of Triggers and Constraints: Success
               and Lingering Issues (10-Year Award)},
  booktitle = {VLDB},
  year      = {2000},
  pages     = {254-262},
  ee        = {db/conf/vldb/CeriCW00.html},
}

@inproceedings{motwani-cidr:03,
  author    = {Rajeev Motwani and
               Jennifer Widom and
               Arvind Arasu and
               Brian Babcock and
               Shivnath Babu and
               Mayur Datar and
               Gurmeet Singh Manku and
               Chris Olston and
               Justin Rosenstein and
               Rohit Varma},
  title     = {Query Processing, Approximation, and Resource Management
               in a Data Stream Management System},
  booktitle = {CIDR},
  year      = {2003},
  ee        = {http://www-db.cs.wisc.edu/cidr/cidr2003/program/p22.pdf},
}

@inproceedings{chandrasekaran-cidr:03,
  author    = {Sirish Chandrasekaran and
               Owen Cooper and
               Amol Deshpande and
               Michael J. Franklin and
               Joseph M. Hellerstein and
               Wei Hong and
               Sailesh Krishnamurthy and
               Samuel Madden and
               Vijayshankar Raman and
               Frederick Reiss and
               Mehul A. Shah},
  title     = {TelegraphCQ: Continuous Dataflow Processing for an Uncertain
               World},
  booktitle = {CIDR},
  year      = {2003},
  ee        = {http://www-db.cs.wisc.edu/cidr/cidr2003/program/p24.pdf},
  bibsource = {DBLP, http://dblp.uni-trier.de}
}

@article{ahmad-vldb:09,
  author    = {Yanif Ahmad and
               Christoph Koch},
  title     = {DBToaster: A SQL Compiler for High-Performance Delta Processing
               in Main-Memory Databases},
  journal   = {PVLDB},
  volume    = {2},
  number    = {2},
  year      = {2009},
  pages     = {1566-1569},
}

@article{rstartree,
 author = {Beckmann, Norbert and Kriegel, Hans-Peter and Schneider, Ralf and Seeger, Bernhard},
 title = {The R*-tree: an efficient and robust access method for points and rectangles},
 journal = {SIGMOD Rec.},
 volume = {19},
 number = {2},
 year = {1990},
 issn = {0163-5808},
 pages = {322--331},
 doi = {http://doi.acm.org/10.1145/93605.98741},
 publisher = {ACM},
 address = {New York, NY, USA},
}

@inproceedings{sstree,
 author = {White, David A. and Jain, Ramesh},
 title = {Similarity Indexing with the SS-tree},
 booktitle = {ICDE '96: Proceedings of the Twelfth International Conference on Data Engineering},
 year = {1996},
 isbn = {0-8186-7240-4},
 pages = {516--523},
 publisher = {IEEE Computer Society},
 address = {Washington, DC, USA},
}

@inproceedings{srtree,
 author = {Katayama, Norio and Satoh, Shin'ichi},
 title = {The SR-tree: an index structure for high-dimensional nearest neighbor queries},
 booktitle = {SIGMOD '97: Proceedings of the 1997 ACM SIGMOD international conference on Management of data},
 year = {1997},
 isbn = {0-89791-911-4},
 pages = {369--380},
 location = {Tucson, Arizona, United States},
 doi = {http://doi.acm.org/10.1145/253260.253347},
 publisher = {ACM},
 address = {New York, NY, USA},
}

@inproceedings{bayou,
 author = {Terry, D. B. and Theimer, M. M. and Petersen, Karin and Demers, A. J. and Spreitzer, M. J. and Hauser, C. H.},
 title = {Managing update conflicts in Bayou, a weakly connected replicated storage system},
 booktitle = {SOSP '95: Proceedings of the fifteenth ACM symposium on Operating systems principles},
 year = {1995},
 isbn = {0-89791-715-4},
 pages = {172--182},
 location = {Copper Mountain, Colorado, United States},
 doi = {http://doi.acm.org/10.1145/224056.224070},
 publisher = {ACM},
 address = {New York, NY, USA},
}

@article{stonebreaker-sigrec:89,
  author    = {Michael Stonebraker},
  title     = {The Case for Partial Indexes},
  journal   = {SIGMOD Record},
  volume    = {18},
  number    = {4},
  year      = {1989},
  pages     = {4-11},
  ee        = {http://doi.acm.org/10.1145/74120.74121, db/journals/sigmod/Stonebraker89.html},
  bibsource = {DBLP, http://dblp.uni-trier.de}
}

@article{DBLP:journals/tods/GhanemELA10,
  author    = {Thanaa M. Ghanem and
               Ahmed K. Elmagarmid and
               Per-{\AA}ke Larson and
               Walid G. Aref},
  title     = {Supporting views in data stream management systems},
  journal   = {ACM Trans. Database Syst.},
  volume    = {35},
  number    = {1},
  year      = {2010},
  ee        = {http://doi.acm.org/10.1145/1670243.1670244},
  bibsource = {DBLP, http://dblp.uni-trier.de}
}

@inproceedings{bello-vldb:98,
  author    = {Randall G. Bello and
               Karl Dias and
               Alan Downing and
               James J. Feenan Jr. and
               James L. Finnerty and
               William D. Norcott and
               Harry Sun and
               Andrew Witkowski and
               Mohamed Ziauddin},
  title     = {Materialized Views in Oracle},
  booktitle = vldb98,
  publisher = {Morgan Kaufmann},
  year      = {1998},
  isbn      = {1-55860-566-5},
  pages     = {659-664},
}

@inproceedings{fu-sigmod:10,
  author    = {Yupeng Fu and
               Keith Kowalczykowski and
               Kian Win Ong and
               Yannis Papakonstantinou and
               Kevin Keliang Zhao},
  title     = {Ajax-based report pages as incrementally rendered views},
  booktitle = {SIGMOD Conference},
  year      = {2010},
  pages     = {567-578},
  ee        = {http://doi.acm.org/10.1145/1807167.1807229},
  crossref  = {DBLP:conf/sigmod/2010},
  bibsource = {DBLP, http://dblp.uni-trier.de}
}

@article{mcpherson-debull:87,
  author    = {John McPherson and
               Hamid Pirahesh},
  title     = {An Overview of Extensibility in Starburst},
  journal   = {IEEE Data Eng. Bull.},
  volume    = {10},
  number    = {2},
  year      = {1987},
  pages     = {32-39},
}

@article{urhan-debull:00,
  author    = {Tolga Urhan and
               Michael J. Franklin},
  title     = {XJoin: A Reactively-Scheduled Pipelined Join Operator},
  journal   = {IEEE Data Eng. Bull.},
  volume    = {23},
  number    = {2},
  year      = {2000},
  pages     = {27-33},
}

@inproceedings{viglas-vldb:03,
  author    = {Stratis Viglas and
               Jeffrey F. Naughton and
               Josef Burger},
  title     = {Maximizing the Output Rate of Multi-Way Join Queries over
               Streaming Information Sources},
  booktitle = {VLDB},
  year      = {2003},
  pages     = {285-296},
}

@inproceedings{danvy-ppdp:01,
  author    = {Olivier Danvy and
               Lasse R. Nielsen},
  title     = {Defunctionalization at Work},
  booktitle = {PPDP},
  year      = {2001},
  pages     = {162-174},
  crossref  = {DBLP:conf/ppdp/2001},
  bibsource = {DBLP, http://dblp.uni-trier.de}
}

@inproceedings{marlow-fp:92,
  author    = {Simon Marlow and
               Philip Wadler},
  title     = {Deforestation for Higher-Order Functions},
  booktitle = {Functional Programming},
  year      = {1992},
  pages     = {154-165},
  crossref  = {DBLP:conf/fp/1992},
  bibsource = {DBLP, http://dblp.uni-trier.de}
}

@article{schek-infsys:86,
  author    = {Hans-J{\"o}rg Schek and
               Marc H. Scholl},
  title     = {The relational model with relation-valued attributes},
  journal   = {Inf. Syst.},
  volume    = {11},
  number    = {2},
  year      = {1986},
  pages     = {137-147},
  bibsource = {DBLP, http://dblp.uni-trier.de}
}

@article{jain-pvldb:08,
  author    = {Namit Jain and
               Shailendra Mishra and
               Anand Srinivasan and
               Johannes Gehrke and
               Jennifer Widom and
               Hari Balakrishnan and
               Ugur \c{C}etintemel and
               Mitch Cherniack and
               Richard Tibbetts and
               Stanley B. Zdonik},
  title     = {Towards a streaming SQL standard},
  journal   = {PVLDB},
  volume    = {1},
  number    = {2},
  year      = {2008},
  pages     = {1379-1390},
  ee        = {http://www.vldb.org/pvldb/1/1454179.pdf},
  bibsource = {DBLP, http://dblp.uni-trier.de}
}

@inproceedings{grust-sigmod:09,
  author    = {Torsten Grust and
               Manuel Mayr and
               Jan Rittinger and
               Tom Schreiber},
  title     = {FERRY: database-supported program execution},
  booktitle = {SIGMOD Conference},
  year      = {2009},
  pages     = {1063-1066},
  ee        = {http://doi.acm.org/10.1145/1559845.1559982},
  crossref  = {DBLP:conf/sigmod/2009},
  bibsource = {DBLP, http://dblp.uni-trier.de}
}

@inproceedings{cooper-fmco:06,
  author    = {Ezra Cooper and
               Sam Lindley and
               Philip Wadler and
               Jeremy Yallop},
  title     = {Links: Web Programming Without Tiers},
  booktitle = {FMCO},
  year      = {2006},
  pages     = {266-296},
  ee        = {http://dx.doi.org/10.1007/978-3-540-74792-5_12},
  crossref  = {DBLP:conf/fmco/2006},
  bibsource = {DBLP, http://dblp.uni-trier.de}
}

@inproceedings{meijer-sigmod:06,
  author    = {Erik Meijer and
               Brian Beckman and
               Gavin M. Bierman},
  title     = {LINQ: reconciling object, relations and XML in the .NET
               framework},
  booktitle = {SIGMOD Conference},
  year      = {2006},
  pages     = {706},
  ee        = {http://doi.acm.org/10.1145/1142473.1142552},
  crossref  = {DBLP:conf/sigmod/2006},
  bibsource = {DBLP, http://dblp.uni-trier.de}
}

@article{sussman-hsc:98,
  author    = {Gerald J. Sussman and
               Guy L. Steele Jr.},
  title     = {Scheme: A Interpreter for Extended Lambda Calculus},
  journal   = {Higher-Order and Symbolic Computation},
  volume    = {11},
  number    = {4},
  year      = {1998},
  pages     = {405-439},
  bibsource = {DBLP, http://dblp.uni-trier.de}
}

@inproceedings{arumugam-sigmod:10,
 author    = {Arumugam, Subi and Dobra, Alin and Jermaine, Christopher M. and Pansare, Niketan and Perez, Luis},
 title     = {The DataPath system: a data-centric analytic processing engine for large data warehouses},
 booktitle = {Proceedings of the 2010 international conference on Management of data},
 series    = {SIGMOD},
 year      = {2010},
 location  = {Indianapolis, Indiana, USA},
 pages     = {519--530},
 numpages  = {12},
}

@inproceedings{krikellas-icde:10,
  author    = {Konstantinos Krikellas and
               Stratis Viglas and
               Marcelo Cintra},
  title     = {Generating code for holistic query evaluation},
  booktitle = {ICDE},
  year      = {2010},
  pages     = {613-624},
  ee        = {http://dx.doi.org/10.1109/ICDE.2010.5447892},
  crossref  = {DBLP:conf/icde/2010},
  bibsource = {DBLP, http://dblp.uni-trier.de}
}

@article{chamberlin-tods:81,
 author     = {Chamberlin, D. D. and Astrahan, M. M. and King, W. F. and
               Lorie, R. A. and Mehl, J. W. and Price, T. G. and
               Schkolnick, M. and Griffiths Selinger, P. and Slutz, D. R. and
               Wade, B. W. and Yost, R. A.},
 title      = {Support for repetitive transactions and ad hoc queries in System R},
 journal    = {ACM Trans. Database Syst.},
 volume     = {6},
 issue      = {1},
 month      = {March},
 year       = {1981},
 issn       = {0362-5915},
 pages      = {70--94},
 numpages   = {25},
} 

@article{DBLP:journals/csur/BaconGS94,
  author    = {David F. Bacon and
               Susan L. Graham and
               Oliver J. Sharp},
  title     = {Compiler Transformations for High-Performance Computing},
  journal   = {ACM Comput. Surv.},
  volume    = {26},
  number    = {4},
  year      = {1994},
  pages     = {345-420},
  bibsource = {DBLP, http://dblp.uni-trier.de}
}

@article{halevy-vldbj01,
  author    = {Alon Y. Halevy},
  title     = {Answering queries using views: A survey},
  journal   = {VLDB J.},
  volume    = {10},
  number    = {4},
  year      = {2001},
  pages     = {270-294},
  ee        = {http://dx.doi.org/10.1007/s007780100054},
  bibsource = {DBLP, http://dblp.uni-trier.de}
}

@inproceedings{baralis-rids95,
  author    = {Elena Baralis and
               Jennifer Widom},
  title     = {Using Delta Relations to Optimize Condition Evaluation in
               Active Databases},
  booktitle = {Rules in Database Systems},
  year      = {1995},
  pages     = {292-308},
  ee        = {http://dx.doi.org/10.1007/3-540-60365-4_134},
  bibsource = {DBLP, http://dblp.uni-trier.de}
}

@article{botan-pvldb:10,
  author    = {Irina Botan and
               Roozbeh Derakhshan and
               Nihal Dindar and
               Laura M. Haas and
               Ren{\'e}e J. Miller and
               Nesime Tatbul},
  title     = {SECRET: A Model for Analysis of the Execution Semantics
               of Stream Processing Systems},
  journal   = {PVLDB},
  volume    = {3},
  number    = {1},
  year      = {2010},
  pages     = {232-243},
  ee        = {http://www.comp.nus.edu.sg/$\sim$vldb2010/proceedings/files/papers/R20.pdf},
  bibsource = {DBLP, http://dblp.uni-trier.de}
}