%% This BibTeX bibliography file was created using BibDesk.
%% http://bibdesk.sourceforge.net/


%% Created for Oliver Kennedy at 2011-10-12 12:32:17 +0200 


%% Saved with string encoding Unicode (UTF-8) 



@article{stonebraker1992integration,
	Author = {Stonebraker, M.},
	Date-Added = {2011-10-12 10:29:24 +0000},
	Date-Modified = {2011-10-12 10:29:24 +0000},
	Journal = {Knowledge and Data Engineering, IEEE Transactions on},
	Number = {5},
	Pages = {415--423},
	Publisher = {IEEE},
	Title = {The integration of rule systems and database systems},
	Volume = {4},
	Year = {1992}}

@article{ghandeharizadeh1996heraclitus,
	Author = {Ghandeharizadeh, S. and Hull, R. and Jacobs, D.},
	Date-Added = {2011-10-12 10:24:50 +0000},
	Date-Modified = {2011-10-12 10:24:50 +0000},
	Journal = {ACM Transactions on Database Systems (TODS)},
	Number = {3},
	Pages = {370--426},
	Publisher = {ACM},
	Title = {Heraclitus: Elevating deltas to be first-class citizens in a database programming language},
	Volume = {21},
	Year = {1996}}

@article{counciltpc,
	Author = {Council, T.P.P.},
	Date-Added = {2011-10-12 09:37:32 +0000},
	Date-Modified = {2011-10-12 09:37:32 +0000},
	Journal = {Published at http://www. tcp. org/hspec. html},
	Title = {TPC-H benchmark specification}}

@article{gassner1993query,
	Author = {Gassner, P. and Lohman, G.M. and Schiefer, K.B. and Wang, Y.},
	Date-Added = {2011-10-12 09:18:33 +0000},
	Date-Modified = {2011-10-12 09:18:33 +0000},
	Journal = {Data Engineering Bulletin},
	Number = {4},
	Pages = {4--18},
	Title = {Query optimization in the IBM DB2 family},
	Volume = {16},
	Year = {1993}}

@article{graymicrosoft,
	Author = {Gray, J.},
	Date-Added = {2011-10-11 17:21:47 +0000},
	Date-Modified = {2011-10-11 17:21:47 +0000},
	Title = {Microsoft SQL Server}}

@electronic{oracle,
	Author = {Oracle Corporation},
	Date-Added = {2011-10-11 17:19:54 +0000},
	Date-Modified = {2011-10-11 17:21:02 +0000},
	Title = {Oracle Database},
	Url = {http://www.oracle.com/}}

@article{mysql1mysql,
	Author = {MySQL, AB},
	Date-Added = {2011-10-11 17:17:42 +0000},
	Date-Modified = {2011-10-11 17:17:42 +0000},
	Journal = {Internet WWW page, at URL: http://www. mysql. com (last accessed/1/00)},
	Title = {MySQL database server}}

@article{stonebraker1991postgres,
	Author = {Stonebraker, M. and Kemnitz, G.},
	Date-Added = {2011-10-11 17:16:38 +0000},
	Date-Modified = {2011-10-11 17:16:38 +0000},
	Journal = {Communications of the ACM},
	Number = {10},
	Pages = {78--92},
	Publisher = {ACM},
	Title = {The POSTGRES next generation database management system},
	Volume = {34},
	Year = {1991}}

@inproceedings{gupta1993maintaining,
	Author = {Gupta, A. and Mumick, I.S. and Subrahmanian, V.S.},
	Booktitle = {ACM SIGMOD Record},
	Date-Added = {2011-10-11 15:49:33 +0000},
	Date-Modified = {2011-10-11 15:49:33 +0000},
	Number = {2},
	Organization = {ACM},
	Pages = {157--166},
	Title = {Maintaining views incrementally},
	Volume = {22},
	Year = {1993}}

@inproceedings{ceri1991deriving,
	Author = {Ceri, S. and Widom, J.},
	Booktitle = {Proceedings of the Seventeenth International Conference on Very Large Data Bases},
	Date-Added = {2011-10-11 10:52:46 +0000},
	Date-Modified = {2011-10-11 10:52:46 +0000},
	Organization = {Citeseer},
	Pages = {577--589},
	Title = {Deriving production rules for incremental view maintenance},
	Year = {1991}}

@article{taylor1976codasyl,
	Author = {Taylor, R.W. and Frank, R.L.},
	Date-Added = {2011-10-11 10:38:13 +0000},
	Date-Modified = {2011-10-11 10:38:13 +0000},
	Journal = {ACM Computing Surveys (CSUR)},
	Number = {1},
	Pages = {67--103},
	Publisher = {ACM},
	Title = {CODASYL data-base management systems},
	Volume = {8},
	Year = {1976}}

@article{mccarthy1989architecture,
	Author = {McCarthy, D. and Dayal, U.},
	Date-Added = {2011-10-11 10:23:43 +0000},
	Date-Modified = {2011-10-11 10:23:43 +0000},
	Journal = {ACM Sigmod Record},
	Number = {2},
	Pages = {215--224},
	Publisher = {ACM},
	Title = {The architecture of an active database management system},
	Volume = {18},
	Year = {1989}}

@book{morgenstern1983active,
	Author = {Morgenstern, M. and UNIVERSITY OF SOUTHERN CALIFORNIA MARINA DEL REY INFORMATION SCIENCES INST.},
	Date-Added = {2011-10-11 09:38:33 +0000},
	Date-Modified = {2011-10-11 09:38:33 +0000},
	Publisher = {USC/Information Sciences Institute, University of Southern California},
	Title = {Active databases as a paradigm for enhanced computing environments},
	Year = {1983}}

@inproceedings{agarwal2010forecasting,
	Author = {Agarwal, D. and Chen, D. and Lin, L. and Shanmugasundaram, J. and Vee, E.},
	Booktitle = {Proceedings of the 2010 international conference on Management of data},
	Date-Added = {2011-10-10 12:37:29 +0000},
	Date-Modified = {2011-10-10 12:37:29 +0000},
	Organization = {ACM},
	Pages = {1003--1012},
	Title = {Forecasting high-dimensional data},
	Year = {2010}}

@article{scholz1973earthquake,
	Author = {Scholz, C.H. and Sykes, L.R. and Aggarwal, Y.P.},
	Date-Added = {2011-10-10 12:33:17 +0000},
	Date-Modified = {2011-10-10 12:33:17 +0000},
	Journal = {Science},
	Number = {4102},
	Pages = {803},
	Publisher = {American Association for the Advancement of Science},
	Title = {Earthquake prediction: a physical basis},
	Volume = {181},
	Year = {1973}}

@inproceedings{olesen2008real,
	Author = {Olesen, J.K. and Yannakakis, G.N. and Hallam, J.},
	Booktitle = {Computational Intelligence and Games, 2008. CIG'08. IEEE Symposium On},
	Date-Added = {2011-10-10 12:31:28 +0000},
	Date-Modified = {2011-10-10 12:31:28 +0000},
	Organization = {IEEE},
	Pages = {87--94},
	Title = {Real-time challenge balance in an RTS game using rtNEAT},
	Year = {2008}}

@book{hey2009fourth,
	Author = {Hey, A.J.G. and Tansley, S. and Tolle, K.M.},
	Date-Added = {2011-10-10 12:17:24 +0000},
	Date-Modified = {2011-10-10 12:17:24 +0000},
	Publisher = {Microsoft Research Redmond, WA},
	Title = {The fourth paradigm: data-intensive scientific discovery},
	Year = {2009}}

@misc{ibmfico,
	Author = {IBM},
	Date-Added = {2011-10-10 12:14:49 +0000},
	Date-Modified = {2011-10-10 12:15:45 +0000},
	Howpublished = {Software},
	Title = {FICO Falcon Fraud Manager}}

@techreport{basel2,
	Date-Added = {2011-10-10 12:04:00 +0000},
	Date-Modified = {2011-10-10 12:12:09 +0000},
	Institution = {Basel Committee on Banking Supervision},
	Month = {June},
	Title = {International Convergence of Capital Measurements and Capital Standards: A Revised Framework},
	Year = {2006}}
