@InProceedings{ alvaro11,
	title = "Consistency Analysis in Bloom: a {CALM} and Collected Approach",
	author = "Peter Alvaro and Neil Conway and Joe Hellerstein and William R. Marczak",
	publisher = "www.crdrdb.org",
	year = "2011",
	bibdate = "2011-04-27",
	bibsource = "DBLP, http://dblp.uni-trier.de/db/conf/cidr/cidr2011.html\\\\\\#AlvaroCHM11",
	booktitle = "CIDR",
	pages = "249--260",
	URL = "http://www.cidrdb.org/cidr2011/Papers/CIDR11_Paper35.pdf"
}

\%\% This BibTeX bibliography file was created using KBibTex.

\%\% Created for Aleksandar Vitorovic candidacy exam on May 23, 2011. 

\%\% Saved with string encoding Unicode (UTF-8) 

@InProceedings{ petersen97,
	author = "K. Petersen and M. Spreitzer and D. Terry and M. Theimer and A. Demers",
	booktitle = "Proceedings of the 16th ACM Symposium on Operating Systems Principles (SOSP)",
	interhash = "cbf16cf51c2ddf52033bd773e4ab3667",
	intrahash = "b702f636654d3f98ff23554a34cae703",
	pages = "288--301",
	title = "Flexible Update Propagation For Weakly Consistent Replication",
	year = 1997,
	keywords = "course",
	added-at = "2006-03-24T16:34:33.000+0100",
	description = "sdasda",
	priority = "0",
	biburl = "http://www.bibsonomy.org/bibtex/2b702f636654d3f98ff23554a34cae703/neilernst",
	citeulike-article-id = "121588",
	month = "October "
}

@Article{ decandia07,
	address = "New York, NY, USA",
	author = "Giuseppe DeCandia and Deniz Hastorun and Madan Jampani and Gunavardhan Kakulapati and Avinash Lakshman and Alex Pilchin and Swaminathan Sivasubramanian and Peter Vosshall and Werner Vogels",
	interhash = "5a38a3a7830286733636ae732d0b01cb",
	intrahash = "b57300b494b1b163d0fca4b6dc8f2676",
	journal = "SIGOPS Oper. Syst. Rev.",
	number = 6,
	pages = "205--220",
	publisher = "ACM",
	title = "Dynamo: amazon's highly available key-value store",
	volume = 41,
	year = 2007,
	keywords = "imported",
	added-at = "2010-02-02T22:52:07.000+0100",
	issn = "0163-5980",
	biburl = "http://www.bibsonomy.org/bibtex/2b57300b494b1b163d0fca4b6dc8f2676/chesteve",
	doi = "http://doi.acm.org/10.1145/1323293.1294281"
}

