\%\% This BibTeX bibliography file was created using BibDesk.
\%\% http://bibdesk.sourceforge.net/

\%\% Created for Oliver Kennedy at 2009-10-28 22:29:47 -0400 

\%\% Saved with string encoding Unicode (UTF-8) 

@InCollection{ Joh90,
	author = "David S. Johnson",
	title = "{``A Catalog of Complexity Classes''}",
	chapter = 2,
	booktitle = "Handbook of Theoretical Computer Science",
	volume = 1,
	editor = "Jan van Leeuwen",
	publisher = "Elsevier Science Publishers B.V.",
	year = 1990,
	pages = "67--161"
}

@InProceedings{ 1154557,
	Address = "Washington, DC, USA",
	Author = "S. Gurumurthi and Jianyong Zhang and A. Sivasubramaniam and M. Kandemir and H. Franke and N. Vijaykrishnan and M. J. Irwin",
	Booktitle = "ISPASS '03: Proceedings of the 2003 IEEE International Symposium on Performance Analysis of Systems and Software",
	Date-Added = "2009-10-28 22:06:53 -0400",
	Date-Modified = "2009-10-28 22:06:53 -0400",
	Isbn = "0-7803-7756-7",
	Pages = "123--132",
	Publisher = "IEEE Computer Society",
	Title = "Interplay of energy and performance for disk arrays running transaction processing workloads",
	Year = "2003"
}

@Manual{ tpch2008,
	Date-Added = "2009-10-28 02:01:03 -0400",
	Date-Modified = "2009-10-28 12:58:26 -0400",
	Edition = "Revision 2.8.0",
	Note = "http://www.tpc.org/tpch/spec/tpch2.6.0.pdf",
	Organization = "{Transaction Processing Performance Council}",
	Title = "{TPC Benchmark H (Decision Support)}",
	Year = "2008"
}

@Article{ DBLP:journals/pvldb/SallesCSDGKW09,
	author = "Marcos Antonio Vaz Salles and Tuan Cao and Benjamin Sowell and Alan J. Demers and Johannes Gehrke and Christoph Koch and Walker M. White",
	title = "An Evaluation of Checkpoint Recovery for Massively Multiplayer Online Games",
	journal = "PVLDB",
	volume = "2",
	number = "1",
	year = "2009",
	pages = "1258--1269",
	ee = "http://www.vldb.org/pvldb/2/vldb09-387.pdf",
	bibsource = "DBLP, http://dblp.uni-trier.de"
}

@Article{ datacube,
	Author = "Jim Gray and Surajit Chaudhuri and Adam Bosworth and Andrew Layman and Don Reichart and Murali Venkatrao and Frank Pellow and Hamid Pirahesh",
	Date-Added = "2009-10-16 09:58:25 -0400",
	Date-Modified = "2009-10-16 10:00:44 -0400",
	Journal = "Data Mining and Knowledge Discovery",
	Month = "March",
	Number = "1",
	Pages = "29--53",
	Title = "Data Cube: A Relational Aggregation Operator Generalizing Group-By, Cross-Tab, and Sub-Totals",
	Volume = "1",
	Year = "1997"
}

@Article{ 318586,
	Address = "New York, NY, USA",
	Author = "J. Nievergelt and Hans Hinterberger and Kenneth C. Sevcik",
	Date-Added = "2009-10-16 09:55:58 -0400",
	Date-Modified = "2009-10-16 09:55:58 -0400",
	Doi = "http://doi.acm.org/10.1145/348.318586",
	Issn = "0362-5915",
	Journal = "ACM Trans. Database Syst.",
	Number = "1",
	Pages = "38--71",
	Publisher = "ACM",
	Title = "The Grid File: An Adaptable, Symmetric Multikey File Structure",
	Volume = "9",
	Year = "1984",
	Bdsk-Url-1 = "http://doi.acm.org/10.1145/348.318586"
}

@Article{ DBLP:journals/tocs/ChangDGHWBCFG08,
	author = "Fay Chang and Jeffrey Dean and Sanjay Ghemawat and Wilson C. Hsieh and Deborah A. Wallach and Michael Burrows and Tushar Chandra and Andrew Fikes and Robert E. Gruber",
	title = "Bigtable: A Distributed Storage System for Structured Data",
	journal = "ACM Trans. Comput. Syst.",
	volume = "26",
	number = "2",
	year = "2008",
	ee = "http://doi.acm.org/10.1145/1365815.1365816",
	bibsource = "DBLP, http://dblp.uni-trier.de"
}

@InProceedings{ DBLP:conf/sigmod/AcharyaGPR99,
	author = "Swarup Acharya and Phillip B. Gibbons and Viswanath Poosala and Sridhar Ramaswamy",
	title = "The Aqua Approximate Query Answering System",
	booktitle = "SIGMOD Conference",
	year = "1999",
	pages = "574--576",
	ee = "http://doi.acm.org/10.1145/304182.304581, db/conf/sigmod/AcharyaGPR99.html",
	bibsource = "DBLP, http://dblp.uni-trier.de"
}

@InProceedings{ DBLP:conf/pods/Batory88,
	author = "Don S. Batory",
	title = "Concepts for a Database System Compiler",
	booktitle = "Proceedings of the Seventh ACM SIGACT-SIGMOD-SIGART Symposium on Principles of Database Systems, March 21-23, 1988, Austin, Texas",
	publisher = "ACM",
	year = "1988",
	isbn = "0-89791-263-2",
	pages = "184--192",
	ee = "http://doi.acm.org/10.1145/308386.308435, db/conf/pods/Batory88.html",
	bibsource = "DBLP, http://dblp.uni-trier.de"
}

@Article{ DBLP:journals/jiis/BatoryT97,
	author = "Don S. Batory and Jeff Thomas",
	title = "P2: A Lightweight DBMS Generator",
	journal = "J. Intell. Inf. Syst.",
	volume = "9",
	number = "2",
	year = "1997",
	pages = "107--123",
	bibsource = "DBLP, http://dblp.uni-trier.de"
}

@Article{ DBLP:journals/cacm/DeanG08,
	author = "Jeffrey Dean and Sanjay Ghemawat",
	title = "MapReduce: simplified data processing on large clusters",
	journal = "Commun. ACM",
	volume = "51",
	number = "1",
	year = "2008",
	pages = "107--113",
	ee = "http://doi.acm.org/10.1145/1327452.1327492",
	bibsource = "DBLP, http://dblp.uni-trier.de"
}

@Book{ DBLP:books/aw/AbiteboulHV95,
	author = "Serge Abiteboul and Richard Hull and Victor Vianu",
	title = "Foundations of Databases",
	publisher = "Addison-Wesley",
	year = "1995",
	isbn = "0-201-53771-0",
	bibsource = "DBLP, http://dblp.uni-trier.de"
}

@InProceedings{ DBLP:conf/sigmod/RusuXPWJJD08,
	author = "Florin Rusu and Fei Xu and Luis Leopoldo Perez and Mingxi Wu and Ravi Jampani and Chris Jermaine and Alin Dobra",
	title = "The DBO database system",
	booktitle = "SIGMOD Conference",
	year = "2008",
	pages = "1223--1226",
	ee = "http://doi.acm.org/10.1145/1376616.1376740",
	bibsource = "DBLP, http://dblp.uni-trier.de"
}

@InProceedings{ DBLP:conf/sigmod/HaasH99,
	author = "Peter J. Haas and Joseph M. Hellerstein",
	title = "Ripple Joins for Online Aggregation",
	booktitle = "SIGMOD Conference",
	year = "1999",
	pages = "287--298",
	ee = "http://doi.acm.org/10.1145/304182.304208, db/conf/sigmod/HaasH99.html",
	bibsource = "DBLP, http://dblp.uni-trier.de"
}

@Misc{ dbcolumn,
	author = "David J. DeWitt and Michael Stonebraker",
	note = "http://databasecolumn.vertica.com/database-innovation/mapreduce-a-major-step-backwards/"
}

@InProceedings{ DBLP:conf/sigmod/PavloPRADMS09,
	author = "Andrew Pavlo and Erik Paulson and Alexander Rasin and Daniel J. Abadi and David J. DeWitt and Samuel Madden and Michael Stonebraker",
	title = "A comparison of approaches to large-scale data analysis",
	booktitle = "SIGMOD Conference",
	year = "2009",
	pages = "165--178",
	ee = "http://doi.acm.org/10.1145/1559845.1559865",
	bibsource = "DBLP, http://dblp.uni-trier.de"
}

@Article{ DBLP:journals/tods/Batory79,
	author = "Don S. Batory",
	title = "On Searching Transposed Files",
	journal = "ACM Trans. Database Syst.",
	volume = "4",
	number = "4",
	year = "1979",
	pages = "531--544",
	ee = "http://doi.acm.org/10.1145/320107.320125, db/journals/tods/Batory79.html",
	bibsource = "DBLP, http://dblp.uni-trier.de"
}

@InProceedings{ DBLP:conf/cidr/KerstenM05,
	author = "Martin L. Kersten and Stefan Manegold",
	title = "Cracking the Database Store",
	booktitle = "CIDR",
	year = "2005",
	pages = "213--224",
	ee = "http://www.cidrdb.org/cidr2005/papers/P18.pdf",
	bibsource = "DBLP, http://dblp.uni-trier.de"
}

@InProceedings{ DBLP:conf/vldb/StonebrakerMAHHH07,
	author = "Michael Stonebraker and Samuel Madden and Daniel J. Abadi and Stavros Harizopoulos and Nabil Hachem and Pat Helland",
	title = "The End of an Architectural Era (It's Time for a Complete Rewrite)",
	booktitle = "VLDB",
	year = "2007",
	pages = "1150--1160",
	ee = "http://www.vldb.org/conf/2007/papers/industrial/p1150-stonebraker.pdf",
	bibsource = "DBLP, http://dblp.uni-trier.de"
}

@Article{ DBLP:journals/pvldb/KallmanKNPRZJMSZHA08,
	author = "Robert Kallman and Hideaki Kimura and Jonathan Natkins and Andrew Pavlo and Alex Rasin and Stanley B. Zdonik and Evan P. C. Jones and Samuel Madden and Michael Stonebraker and Yang Zhang and John Hugg and Daniel J. Abadi",
	title = "H-store: a high-performance, distributed main memory transaction processing system",
	journal = "PVLDB",
	volume = "1",
	number = "2",
	year = "2008",
	pages = "1496--1499",
	ee = "http://www.vldb.org/pvldb/1/1454211.pdf",
	bibsource = "DBLP, http://dblp.uni-trier.de"
}

@Article{ SQLCompiler09,
	Author = "Yanif Ahmad and Christoph Koch",
	Date-Added = "2010-05-20 00:21:01 -0400",
	Date-Modified = "2010-05-20 00:21:01 -0400",
	Issn = "2150-8097",
	Journal = "Proc. VLDB Endow.",
	Number = "2",
	Pages = "1566--1569",
	Publisher = "VLDB Endowment",
	Title = "DBToaster: a SQL compiler for high-performance delta processing in main-memory databases",
	Url = "http://portal.acm.org/ft_gateway.cfm?id=1687592&type=pdf&coll=GUIDE&dl=GUIDE&CFID=88977824&CFTOKEN=16457288",
	Volume = "2",
	Year = "2009",
	Bdsk-Url-1 = "http://portal.acm.org/ft\\\_gateway.cfm?id=1687592\&type=pdf\&coll=GUIDE\&dl=GUIDE\&CFID=88977824\&CFTOKEN=16457288"
}

