@InProceedings{ Lee01,
	author = "Ki Yong Lee and Jin Hyun Son and Myoung Ho Kim",
	title = "Efficient incremental view maintenance in data warehouses",
	booktitle = "Proceedings of the tenth international conference on Information and knowledge management",
	series = "CIKM '01",
	year = "2001",
	isbn = "1-58113-436-3",
	location = "Atlanta, Georgia, USA",
	pages = "349--356",
	numpages = "8",
	url = "http://doi.acm.org/10.1145/502585.502644",
	doi = "http://doi.acm.org/10.1145/502585.502644",
	acmid = "502644",
	publisher = "ACM",
	address = "New York, NY, USA",
	keywords = "data warehouse, materialized view, view maintenance"
}

@InProceedings{ KochAlgebra10,
	author = "Christoph Koch",
	title = "Incremental query evaluation in a ring of databases",
	booktitle = "Proceedings of the twenty-ninth ACM SIGMOD-SIGACT-SIGART symposium on Principles of database systems of data",
	series = "PODS '10",
	year = "2010",
	isbn = "978-1-4503-0033-9",
	location = "Indianapolis, Indiana, USA",
	pages = "87--98",
	numpages = "12",
	url = "http://doi.acm.org/10.1145/1807085.1807100",
	doi = "http://doi.acm.org/10.1145/1807085.1807100",
	acmid = "1807100",
	publisher = "ACM",
	address = "New York, NY, USA",
	keywords = "algebra, incremental view maintenance"
}

@Article{ DBToasterCompiler09,
	author = "Yanif Ahmad and Christoph Koch",
	title = "DBToaster: a SQL compiler for high-performance delta processing in main-memory databases",
	journal = "Proc. VLDB Endow.",
	volume = "2",
	issue = "2",
	month = "August",
	year = "2009",
	issn = "2150-8097",
	pages = "1566--1569",
	numpages = "4",
	url = "http://portal.acm.org/citation.cfm?id=1687553.1687592",
	acmid = "1687592",
	publisher = "VLDB Endowment"
}

@InProceedings{ Rachid08,
	author = "Rachid Guerraoui and Michal Kapalka",
	title = "On the Correctness of Transactional Memory",
	booktitle = "Proceedings of the 13th {ACM} {SIGPLAN} Symposium on Principles and Practice of Parallel Programming ({PPoPP'08})",
	year = "2008",
	pdf = "http://lpd.epfl.ch/kapalka/files/opacity-ppopp08.pdf"
}

@Book{ Welch04,
	author = "Hagit Attiya and Jennifer Welch",
	title = "Distributed Computing: Fundamentals, Simulations and Advanced Topics (2nd edition)",
	publisher = "John Wiley Interscience",
	year = "2004",
	month = "March",
	isbn = "0-471-453242"
}

@InProceedings{ Bayou95,
	author = "Douglas B. Terry and Marvin Theimer and Karin Petersen and Alan J. Demers and Mike Spreitzer and Carl Hauser",
	booktitle = "SOSP",
	interhash = "576438b13b663f4cbff399d152c22008",
	intrahash = "d3d1546cdb5bca491c182c59069a6476",
	pages = "172--183",
	title = "Managing Update Conflicts in Bayou, a Weakly Connected Replicated Storage System.",
	url = "http://dblp.uni-trier.de/db/conf/sosp/sosp95.html#TerryTPDSH95",
	year = 1995,
	keywords = "dblp",
	added-at = "2002-12-09T00:00:00.000+0100",
	description = "dblp",
	biburl = "http://www.bibsonomy.org/bibtex/2d3d1546cdb5bca491c182c59069a6476/dblp",
	date = "2002-12-09"
}

