@string{sigmod = "ACM SIGMOD International Conference on Management of Data"}
@string{sigmod_short = {SIGMOD}}

@string{vldb = "International Conference on Very Large Data Bases"}
@string{vldb_short = {VLDB}}

@string{icde = "International Conference on Data Engineering"}
@string{icde_short = {ICDE}}

@string{cidr = "Conference on Innovative Data Systems Research"}
@string{cidr_short = {CIDR}}

@string{pods = "ACM Symposium on Principles of Database Systems"}

@string{tods = "ACM Transactions on Database Systems"}
@string{vldbj = "The VLDB Journal: The International Journal on Very Large Data Bases"}

@string{icde94   = "Proc. of the 10th " # icde # " (ICDE'94)"}
@string{icde96   = "Proc. of the 12th " # icde # " (ICDE'96)"}
@string{icde05   = "Proc. of the 21st " # icde # " (ICDE'05)"}
@string{icde07   = "Proc. of the 23rd " # icde # " (ICDE'07)"}

@string{sigmod95 = "Proc. of the 1995 " # sigmod}
@string{sigmod96 = "Proc. of the 1996 " # sigmod}
@string{sigmod97 = "Proc. of the 1997 " # sigmod}
@string{sigmod99 = "Proc. of the 1999 " # sigmod}
@string{sigmod06 = "Proc. of the 2006 " # sigmod}
@string{sigmod07 = "Proc. of the 2007 " # sigmod}
@string{sigmod08 = "Proc. of the 2008 " # sigmod}

@string{vldb95   = "Proc. of the 21st " # vldb # " (VLDB'95)"}
@string{vldb98   = "Proc. of the 24th " # vldb # " (VLDB'98)"}
@string{vldb02   = "Proc. of the 28th " # vldb # " (VLDB'02)"}
@string{vldb07   = "Proc. of the 33rd " # vldb # " (VLDB'07)"}

@string{cidr03   = "Proc. of the First Biennial " # cidr # " (CIDR'03)"}
@string{cidr05   = "Proc. of the Second Biennial " # cidr # " (CIDR'05)"}
@string{pods07   = "Proc. of the 26th " # pods # " (PODS'07)"}



@inproceedings(GKT,
   author = {Todd J. Green and Grigoris Karvounarakis and Val Tannen},
   title = {Provenance Semirings},
   booktitle = {Proc.\ PODS},
   year = {2007},
   pages = {31--40}
)

@article{DBLP:journals/jcss/GottlobLS02,
  author    = {Georg Gottlob and
               Nicola Leone and
               Francesco Scarcello},
  title     = {Hypertree Decompositions and Tractable Queries},
  journal   = {J. Comput. Syst. Sci.},
  volume    = {64},
  number    = {3},
  year      = {2002},
  pages     = {579-627},
  ee        = {http://dx.doi.org/10.1006/jcss.2001.1809},
  bibsource = {DBLP, http://dblp.uni-trier.de}
}

@inproceedings{yan-icde:94,
  author    = {Weipeng P. Yan and
               Per-{\AA}ke Larson},
  title     = {Performing Group-By before Join},
  booktitle = icde94,
  year      = {1994},
  pages     = {89-100},
  location  = {Houston, USA},
}

@article{DBLP:journals/ftml/WainwrightJ08,
  author    = {Martin J. Wainwright and
               Michael I. Jordan},
  title     = {Graphical Models, Exponential Families, and Variational
               Inference},
  journal   = {Foundations and Trends in Machine Learning},
  volume    = {1},
  number    = {1-2},
  year      = {2008},
  pages     = {1-305},
  ee        = {http://dx.doi.org/10.1561/2200000001},
  bibsource = {DBLP, http://dblp.uni-trier.de}
}

@inproceedings{DBLP:conf/dbpl/LibkinW93,
  author    = {Leonid Libkin and
               Limsoon Wong},
  title     = {Some Properties of Query Languages for Bags},
  booktitle = {Proc.\ DBPL},
  year      = {1993},
  pages     = {97-114},
  ee        = {db/conf/dbpl/LibkinW93.html},
  bibsource = {DBLP, http://dblp.uni-trier.de}
}

@book{DBLP:books/sp/Libkin04,
  author    = {Leonid Libkin},
  title     = {Elements of Finite Model Theory},
  publisher = {Springer},
  year      = {2004},
  isbn      = {3-540-21202-7},
  bibsource = {DBLP, http://dblp.uni-trier.de}
}

@inproceedings{DBLP:conf/sigmod/GuptaMS93,
  author    = {Ashish Gupta and
               Inderpal Singh Mumick and
               V. S. Subrahmanian},
  title     = {Maintaining Views Incrementally},
  booktitle = {Proc.\ SIGMOD Conference},
  year      = {1993},
  pages     = {157-166},
  ee        = {http://doi.acm.org/10.1145/170035.170066, db/conf/sigmod/GuptaMS93.html},
  bibsource = {DBLP, http://dblp.uni-trier.de}
}

@inproceedings{DBLP:conf/lics/HesseI02,
  author    = {William Hesse and
               Neil Immerman},
  title     = {Complete Problems for Dynamic Complexity Classes},
  booktitle = {Proc.\ LICS},
  year      = {2002},
  ee        = {http://doi.ieeecomputersociety.org/10.1109/LICS.2002.1029839},
  bibsource = {DBLP, http://dblp.uni-trier.de}
}
%  pages     = {313-},

@article{DBLP:journals/jcss/PatnaikI97,
  author    = {Sushant Patnaik and
               Neil Immerman},
  title     = {{Dyn-FO}: A Parallel, Dynamic Complexity Class},
  journal   = {J. Comput. Syst. Sci.},
  volume    = {55},
  number    = {2},
  year      = {1997},
  pages     = {199-209},
  bibsource = {DBLP, http://dblp.uni-trier.de}
}

@article{DBLP:journals/tcs/MiltersenSVT94,
  author    = {Peter Bro Miltersen and
               Sairam Subramanian and
               Jeffrey Scott Vitter and
               Roberto Tamassia},
  title     = {Complexity Models for Incremental Computation},
  journal   = {Theor. Comput. Sci.},
  volume    = {130},
  number    = {1},
  year      = {1994},
  pages     = {203-236},
  bibsource = {DBLP, http://dblp.uni-trier.de}
}

@article{DBLP:journals/pvldb/AhmadK09,
  author    = {Yanif Ahmad and
               Christoph Koch},
  title     = {{DBToaster}: A {SQL} Compiler for High-Performance Delta
               Processing in Main-Memory Databases},
  journal   = {PVLDB},
  volume    = {2},
  number    = {2},
  year      = {2009},
  pages     = {1566-1569},
  ee        = {http://www.vldb.org/pvldb/2/vldb09-1042.pdf},
  bibsource = {DBLP, http://dblp.uni-trier.de}
}

@inproceedings{DBLP:conf/dbpl/LibkinW99,
  author    = {Leonid Libkin and
               Limsoon Wong},
  title     = {On the Power of Incremental Evaluation in {SQL}-Like Languages},
  booktitle = {Proc.\ DBPL},
  year      = {1999},
  pages     = {17-30},
  ee        = {http://link.springer.de/link/service/series/0558/bibs/1949/19490017.htm},
  bibsource = {DBLP, http://dblp.uni-trier.de}
}

@inproceedings{DBLP:conf/dbpl/LibkinW97a,
  author    = {Leonid Libkin and
               Limsoon Wong},
  title     = {Incremental Recomputation of Recursive Queries with Nested
               Sets and Aggregate Functions},
  booktitle = {Proc.\ DBPL},
  year      = {1997},
  pages     = {222-238},
  ee        = {db/conf/dbpl/LibkinW97a.html},
  bibsource = {DBLP, http://dblp.uni-trier.de}
}

@article{DBLP:journals/tods/BunemanC79,
  author    = {Peter Buneman and
               Eric K. Clemons},
  title     = {Efficient Monitoring Relational Databases},
  journal   = {ACM Trans. Database Syst.},
  volume    = {4},
  number    = {3},
  year      = {1979},
  pages     = {368-382},
  ee        = {http://doi.acm.org/10.1145/320083.320099, db/journals/tods/BunemanC79.html},
  bibsource = {DBLP, http://dblp.uni-trier.de}
}

@inproceedings{DBLP:conf/sigmod/BlakeleyLT86,
  author    = {Jos{\'e} A. Blakeley and
               Per-{\AA}ke Larson and
               Frank Wm. Tompa},
  title     = {Efficiently Updating Materialized Views},
  booktitle = {Proc.\ SIGMOD Conference},
  year      = {1986},
  pages     = {61-71},
  ee        = {http://doi.acm.org/10.1145/16894.16861, db/conf/sigmod/BlakeleyLT86.html},
  bibsource = {DBLP, http://dblp.uni-trier.de}
}

@inproceedings{DBLP:conf/sigmod/ShmueliI84,
  author    = {Oded Shmueli and
               Alon Itai},
  editor    = {Beatrice Yormark},
  title     = {Maintenance of Views},
  booktitle = {Proc.\ SIGMOD},
  publisher = {ACM Press},
  year      = {1984},
  pages     = {240-255},
  ee        = {http://doi.acm.org/10.1145/602259.602293, db/conf/sigmod/ShmueliI84.html},
  bibsource = {DBLP, http://dblp.uni-trier.de}
}

@inproceedings{DBLP:conf/vldb/CeriW91,
  author    = {Stefano Ceri and
               Jennifer Widom},
  title     = {Deriving Production Rules for Incremental View Maintenance},
  booktitle = {Proc.\ VLDB},
  year      = {1991},
  pages     = {577-589},
  ee        = {db/conf/vldb/CeriW91.html},
  bibsource = {DBLP, http://dblp.uni-trier.de}
}

@article{DBLP:journals/iandc/DongS95,
  author    = {Guozhu Dong and
               Jianwen Su},
  title     = {Incremental and Decremental Evaluation of Transitive Closure
               by First-Order Queries},
  journal   = {Inf. Comput.},
  volume    = {120},
  number    = {1},
  year      = {1995},
  pages     = {101-106},
  bibsource = {DBLP, http://dblp.uni-trier.de}
}

@inproceedings{DBLP:conf/dbpl/DongS93,
  author    = {Guozhu Dong and
               Jianwen Su},
  title     = {First-Order Incremental Evaluation of Datalog Queries},
  booktitle = {Proc.\ DBPL},
  year      = {1993},
  pages     = {295-308},
  ee        = {db/conf/dbpl/DongS93.html},
  bibsource = {DBLP, http://dblp.uni-trier.de}
}

@inproceedings{DBLP:conf/deductive/GuptaKM92,
  author    = {Ashish Gupta and
               Dinesh Katiyar and
               Inderpal Singh Mumick},
  title     = {Counting solutions to the View Maintenance Problem},
  booktitle = {Proc.\ Workshop on Deductive Databases, JICSLP},
  year      = {1992},
  bibsource = {DBLP, http://dblp.uni-trier.de}
}
%  pages     = {185-194},

@inproceedings{DBLP:conf/pods/RajaramanSU95,
  author    = {Anand Rajaraman and
               Yehoshua Sagiv and
               Jeffrey D. Ullman},
  title     = {Answering Queries Using Templates with Binding Patterns},
  booktitle = {Proc.\ PODS},
  year      = {1995},
  pages     = {105-112},
  ee        = {http://doi.acm.org/10.1145/212433.220199, db/conf/pods/RajaramanSU95.html},
  bibsource = {DBLP, http://dblp.uni-trier.de}
}

@book(Imm1999,
   author = {Neil Immerman},
   title = {Descriptive Complexity},
   publisher = {Springer-Verlag},
   year = 1999,
   address = {New York}
)

@article{DBLP:journals/jcss/BarringtonIS90,
  author    = {David A. Mix Barrington and
               Neil Immerman and
               Howard Straubing},
  title     = {On Uniformity within {NC$^1$}},
  journal   = {J. Comput. Syst. Sci.},
  volume    = {41},
  number    = {3},
  year      = {1990},
  pages     = {274-306},
  bibsource = {DBLP, http://dblp.uni-trier.de}
}

@article{DBLP:journals/tcs/Hesse03,
  author    = {William Hesse},
  title     = {The dynamic complexity of transitive closure is in {DynTC$^{\mbox{0}}$}},
  journal   = {Theor. Comput. Sci.},
  volume    = {296},
  number    = {3},
  year      = {2003},
  pages     = {473-485},
  ee        = {http://dx.doi.org/10.1016/S0304-3975(02)00740-5},
  bibsource = {DBLP, http://dblp.uni-trier.de}
}

@article{DBLP:journals/toplas/AcarBH06,
  author    = {Umut A. Acar and
               Guy E. Blelloch and
               Robert Harper},
  title     = {Adaptive functional programming},
  journal   = {ACM Trans. Program. Lang. Syst.},
  volume    = {28},
  number    = {6},
  year      = {2006},
  pages     = {990-1034},
  ee        = {http://doi.acm.org/10.1145/1186634},
  bibsource = {DBLP, http://dblp.uni-trier.de}
}

@inproceedings{DBLP:conf/popl/DemersRT81,
  author    = {Alan J. Demers and
               Thomas W. Reps and
               Tim Teitelbaum},
  title     = {Incremental Evaluation for Attribute Grammars with Application
               to Syntax-Directed Editors},
  booktitle = {Proc.\ POPL},
  year      = {1981},
  pages     = {105-116},
  bibsource = {DBLP, http://dblp.uni-trier.de}
}

@inproceedings{DBLP:conf/popl/PughT89,
  author    = {William Pugh and
               Tim Teitelbaum},
  title     = {Incremental Computation via Function Caching},
  booktitle = {Proc.\ POPL},
  year      = {1989},
  bibsource = {DBLP, http://dblp.uni-trier.de}
}
%  pages     = {315-328},

@inproceedings{DBLP:conf/popl/AcarBH03,
  author    = {Umut A. Acar and
               Guy E. Blelloch and
               Robert Harper},
  title     = {Selective memoization},
  booktitle = {Proc.\ POPL},
  year      = {2003},
  pages     = {14-25},
  ee        = {http://doi.acm.org/10.1145/640128.604133},
  bibsource = {DBLP, http://dblp.uni-trier.de}
}

@article{DBLP:journals/jcss/GottlobLS03,
  author    = {Georg Gottlob and
               Nicola Leone and
               Francesco Scarcello},
  title     = {Robbers, marshals, and guards: game theoretic and logical
               characterizations of hypertree width},
  journal   = {J. Comput. Syst. Sci.},
  volume    = {66},
  number    = {4},
  year      = {2003},
  pages     = {775-808},
  ee        = {http://dx.doi.org/10.1016/S0022-0000(03)00030-8},
  bibsource = {DBLP, http://dblp.uni-trier.de}
}

@article{DBLP:journals/tods/PerezAG09,
  author    = {Jorge P{\'e}rez and
               Marcelo Arenas and
               Claudio Gutierrez},
  title     = {Semantics and complexity of {SPARQL}},
  journal   = {ACM Trans. Database Syst.},
  volume    = {34},
  number    = {3},
  year      = {2009},
  ee        = {http://doi.acm.org/10.1145/1567274.1567278},
  bibsource = {DBLP, http://dblp.uni-trier.de}
}

@article{DBLP:journals/corr/abs-0812-3788,
  author    = {Michael Schmidt and
               Michael Meier and
               Georg Lausen},
  title     = {Foundations of {SPARQL} Query Optimization},
  journal   = {CoRR},
  volume    = {abs/0812.3788},
  year      = {2008},
  ee        = {http://arxiv.org/abs/0812.3788},
  bibsource = {DBLP, http://dblp.uni-trier.de}
}

@book(AHV95,
   author    = {Serge Abiteboul and Richard Hull and Victor Vianu},
   title     = "{Foundations of Databases}",
   year      = 1995,
   publisher = "Addison-Wesley"
)

@inproceedings(Yan81,
   author = {Mihalis Yannakakis},
   title = "{``Algorithms for Acyclic Database Schemes''}",
   booktitle = vldb81,
   year = 1981,
   pages = {82--94},
   address = {Cannes, France}
)


@article(GLS2002,
   author    = {Georg Gottlob and Nicola Leone and Francesco Scarcello},
   title     = "{``Hypertree Decompositions and Tractable Queries''}",
   journal   = jcss,
   volume    = 64,
   number    = 3,
   pages     = {579--627},
   year      = 2002
)

@inproceedings(CR1997,
   author    = {Chandra Chekuri and Anand Rajaraman},
   title     = "{Conjunctive Query Containment Revisited''}",
   booktitle = icdt97,
   pages     = {56--70},
   year      = 1997,
   address   = {Delphi, Greece}
)




@inproceedings{griffin-sigmod:95,
  author    = {Timothy Griffin and
               Leonid Libkin},
  title     = {Incremental Maintenance of Views with Duplicates},
  booktitle = {Proc.\ SIGMOD},
  year      = {1995},
  location  = {San Jose, USA},
}
%  pages     = {328-339},

@inproceedings{yan-vldb:95,
  author    = {Weipeng P. Yan and
               Per-{\AA}ke Larson},
  title     = {Eager Aggregation and Lazy Aggregation},
  booktitle = {Proc.\ VLDB},
  year      = {1995},
  pages     = {345-357},
  location  = {Zurich, Switzerland},
}

@inproceedings{gray-icde:96,
  author    = {Jim Gray and
               Adam Bosworth and
               Andrew Layman and
               Hamid Pirahesh},
  title     = {Data Cube: A Relational Aggregation Operator Generalizing
               Group-By, Cross-Tab, and Sub-Total},
  booktitle = icde96,
  year      = {1996},
  pages     = {152-159},
}

@inproceedings{colby-sigmod:96,
  author    = {Latha S. Colby and
               Timothy Griffin and
               Leonid Libkin and
               Inderpal Singh Mumick and
               Howard Trickey},
  title     = {Algorithms for Deferred View Maintenance},
  booktitle = {Proc.\ SIGMOD},
  year      = {1996},
  pages     = {469-480},
  location  = {Montreal, Canada},
}

@inproceedings{mumick-sigmod:97,
  author    = {Inderpal Singh Mumick and
               Dallan Quass and
               Barinderpal Singh Mumick},
  title     = {Maintenance of Data Cubes and Summary Tables in a Warehouse},
  booktitle = sigmod97,
  year      = {1997},
  pages     = {100-111},
  location  = {Tucson, USA}
}

@inproceedings{goldstein-sigmod:01,
  author    = {Jonathan Goldstein and
               Per-{\AA}ke Larson},
  title     = {Optimizing Queries Using Materialized Views: A practical,
               scalable solution},
  booktitle = sigmod01,
  year      = {2001},
  pages     = {331-342},
  location  = {Santa Barbara, USA},
}

@inproceedings{palpanas-vldb:02,
  author    = {Themistoklis Palpanas and
               Richard Sidle and
               Roberta Cochrane and
               Hamid Pirahesh},
  title     = {Incremental Maintenance for Non-Distributive Aggregate Functions},
  booktitle = vldb02,
  year      = {2002},
  pages     = {802-813},
  location  = {Hong Kong, China},
}

@inproceedings{yang-icde:05,
  author    = {Hao He and
               Junyi Xie and
               Jun Yang and
               Hai Yu},
  title     = {Asymmetric Batch Incremental View Maintenance},
  booktitle = icde05,
  year      = {2005},
  pages     = {106-117},
}

@inproceedings{zhou-icde:07,
  author    = {Jingren Zhou and
               Per-{\AA}ke Larson and
               Jonathan Goldstein and
               Luping Ding},
  title     = {Dynamic Materialized Views},
  booktitle = icde07,
  year      = {2007},
  pages     = {526-535},
  location  = {Istanbul, Turkey},
}

@inproceedings{zhou-vldb:07,
  author    = {Jingren Zhou and
               Per-{\AA}ke Larson and
               Hicham G. Elmongui},
  title     = {Lazy Maintenance of Materialized Views},
  booktitle = vldb07,
  year      = {2007},
  pages     = {231-242},
  location  = {Vienna, Austria},
}

@article{roussopoulos-tods:91,
  author    = {Nick Roussopoulos},
  title     = {An Incremental Access Method for ViewCache: Concept, Algorithms,
               and Cost Analysis},
  journal   = tods,
  volume    = {16},
  number    = {3},
  year      = {1991},
  pages     = {535-563},
}

@article{kotidis-tods:01,
  author    = {Yannis Kotidis and
               Nick Roussopoulos},
  title     = {A case for dynamic view management},
  journal   = tods,
  volume    = {26},
  number    = {4},
  year      = {2001},
  pages     = {388-423},
}

@inproceedings{adelberg-sigmod:97,
  author    = {Brad Adelberg and
               Hector Garcia-Molina and
               Jennifer Widom},
  title     = {The STRIP Rule System For Efficiently Maintaining Derived
               Data},
  booktitle = sigmod97,
  year      = {1997},
  pages     = {147-158},
  location  = {Tucson, USA},
}

@inproceedings{newton-lctes:08,
  author    = {Ryan Newton and
               Lewis Girod and
               Michael B. Craig and
               Samuel Madden and
               J. Gregory Morrisett},
  title     = {Design and evaluation of a compiler for embedded stream
               programs},
  booktitle = {Proc.\ LCTES},
  year      = {2008},
  pages     = {131-140},
  location  = {Tucson, USA}
}

@inproceedings{toman-dbtel:01,
  author    = {David Toman and
               Grant E. Weddell},
  title     = {Query Processing in Embedded Control Programs},
  booktitle = {Databases in Telecommunications},
  year      = {2001},
  pages     = {68-87},
  location  = {Rome, Italy}
}

@inproceedings{raman-icde:08,
  author    = {Vijayshankar Raman and
               Garret Swart and
               Lin Qiao and
               Frederick Reiss and
               Vijay Dialani and
               Donald Kossmann and
               Inderpal Narang and
               Richard Sidle},
  title     = {Constant-Time Query Processing},
  booktitle = {Proc.\ ICDE},
  year      = {2008},
  pages     = {60-69},
  location  = {Cancun, Mexico}
}

@article{kallman-pvldb:08,
  author    = {Robert Kallman and
               Hideaki Kimura and
               Jonathan Natkins and
               Andrew Pavlo and
               Alex Rasin and
               Stanley B. Zdonik and
               Evan P. C. Jones and
               Samuel Madden and
               Michael Stonebraker and
               Yang Zhang and
               John Hugg and
               Daniel J. Abadi},
  title     = {H-store: a high-performance, distributed main memory transaction
               processing system},
  journal   = {PVLDB},
  volume    = {1},
  number    = {2},
  year      = {2008},
  pages     = {1496-1499},
}

@inproceedings{wu-sigmod:06,
  author    = {Eugene Wu and
               Yanlei Diao and
               Shariq Rizvi},
  title     = {High-performance complex event processing over streams},
  booktitle = sigmod06,
  year      = {2006},
  pages     = {407-418},
  location  = {Chicago, USA},
}

@inproceedings{agrawal-sigmod:08,
  author    = {Jagrati Agrawal and
               Yanlei Diao and
               Daniel Gyllstrom and
               Neil Immerman},
  title     = {Efficient pattern matching over event streams},
  booktitle = sigmod08,
  year      = {2008},
  pages     = {147-160},
  location  = {Vancouver, Canada},
}


@inproceedings{white-pods:07,
  author    = {Walker M. White and
               Mirek Riedewald and
               Johannes Gehrke and
               Alan J. Demers},
  title     = {What is "next" in event processing?},
  booktitle = pods07,
  year      = {2007},
  pages     = {263-272},
  location  = {Beijing, China},
}

@inproceedings{demers-sigmod:07,
  author    = {Lars Brenna and
               Alan J. Demers and
               Johannes Gehrke and
               Mingsheng Hong and
               Joel Ossher and
               Biswanath Panda and
               Mirek Riedewald and
               Mohit Thatte and
               Walker M. White},
  title     = {Cayuga: a high-performance event processing engine},
  booktitle = sigmod07,
  year      = {2007},
  pages     = {1100-1102},
  location  = {Beijing, China},
}

@article{abadi-vldbj:03,
    author = {Daniel J. Abadi and Don Carney and
              U\u{g}ur \c{C}etintemel and Mitch Cherniack and
              Christian Convey and Sangdon Lee and Michael Stonebraker and
              Nesime Tatbul and Stan Zdonik},
    title = {Aurora: A New Model and Architecture for Data Stream Management},
    journal = vldbj,
    year = {2003},
}

@InProceedings{motwani-cidr:03,
   author =       {Rajeev Motwani and Jennifer Widom and Arvind Arasu and
                   Brian Babcock and Shivnath Babu and Mayur Datar and
                   Gurmeet Manku and Chris Olston and Justin Rosenstein and
                   Rohit Varma},
   title  =       {Query Processing, Approximation, and Resource Management
                   in a Data Stream Management System},
   booktitle =    cidr03,
   month  =       jan,
   year =         2003
}

% introduction of the notions expression complexity and data complexity
@inproceedings(Var82,
   author    = {Moshe Y. Vardi},
   title     = {The Complexity of Relational Query Languages},
   booktitle = {Proc.\ STOC},
   pages     = {137--146},
   month     = may,
   day       = {5--7},
   year      = 1982
)

@article(Bre74,
   author    = {R. P. Brent},
   title     = {The Parallel Evaluation of General Arithmetic
                   Expressions},
   journal   = jacm,
   volume    = 21,
   pages     = {201--206},
   year      = 1974
)

@book(HMT1971,
   author = {Leon Henkin and  J.D. Monk and Alfred Tarski},
   year = 1971,
   title = {Cylindric Algebras, Part I},
   publisher = {North-Holland}
)


@inproceedings{boncz-cidr:05,
  author    = {Peter A. Boncz and
               Marcin Zukowski and
               Niels Nes},
  title     = {MonetDB/X100: Hyper-Pipelining Query Execution},
  booktitle = cidr05,
  year      = {2005},
  pages     = {225-237},
  location  = {Asilomar, USA}
}

@inproceedings{bohannon-vldb:98,
  author    = {Jerry Baulier and
               Philip Bohannon and
               S. Gogate and
               S. Joshi and
               C. Gupta and
               A. Khivesera and
               Henry F. Korth and
               Peter McIlroy and
               J. Miller and
               P. P. S. Narayan and
               M. Nemeth and
               Rajeev Rastogi and
               Abraham Silberschatz and
               S. Sudarshan},
  editor    = {Ashish Gupta and
               Oded Shmueli and
               Jennifer Widom},
  title     = {DataBlitz: A High Performance Main-Memory Storage Manager},
  booktitle = vldb98,
  year      = {1998},
  pages     = {701},
  location  = {New York, USA},
}

@inproceedings{bohannon-sigmod:99,
 author    = {Baulier,, J. and Bohannon,, P. and Gogate,, S. and Gupta,, C. and Haldar,, S.},
 title     = {DataBlitz storage manager: main-memory database performance for critical applications},
 booktitle = sigmod99,
 year      = {1999},
 pages     = {519--520},
 location  = {Philadelphia, USA},
}

@misc{sec-orderbook:00,
 author    = {Arthur Levitt},
 title     = {Speech by SEC Chairman: Visible Prices, Accessible Markets, Order Interaction. {http://www.sec.gov/news/speech/spch355.htm}},
 year      = {2000},
}

@misc{poneil-ssb:07,
 author    = {Patrick O'Neil and Elizabeth O'Neil and Xuedong Chen},
 title     = {The Star Schema Benchmark. {http://www.cs.umb.edu/$\sim$poneil/StarSchemaB.PDF}},
 month     = jan,
 year      = {2007},
}

@inproceedings{arasu-vldb:04,
  author    = {Arvind Arasu and
               Mitch Cherniack and
               Eduardo F. Galvez and
               David Maier and
               Anurag Maskey and
               Esther Ryvkina and
               Michael Stonebraker and
               Richard Tibbetts},
  title     = {Linear Road: A Stream Data Management Benchmark},
  booktitle = vldb04,
  year      = {2004},
  pages     = {480-491},
  location  = {Toronto, Canada}
}

@inproceedings{gedik-sigmod:08,
  author    = {Bugra Gedik and
               Henrique Andrade and
               Kun-Lung Wu and
               Philip Yu and
               Myungcheol Doo},
  title     = {{SPADE}: the {System S} declarative stream processing engine},
  booktitle = sigmod08,
  year      = {2008},
  pages     = {1123--1134},
  location  = {Vancouver, Canada},
}

@misc {totalview-url,
  title     = {{NASDAQ TotalView} order book, {http://www.nasdaqtrader.com/Trader.aspx?id=TotalView}}
}

@article{bowman-tods:05,
  author    = {Ivan T. Bowman and
               Kenneth Salem},
  title     = {Optimization of query streams using semantic prefetching},
  journal   = tods,
  volume    = {30},
  number    = {4},
  year      = {2005},
  pages     = {1056-1101},
}

@misc {mssql-viewrestrict,
	title	= {{Microsoft SQL Server 2008} Indexed View Documentation, View Restrictions. {http://msdn.microsoft.com/en-us/library/dd171921.aspx}}
}

@misc {oracle-viewrestrict,
	title   = {{Oracle Database 11g Release 1 Documentation}, {\tiny{http://download.oracle.com/docs/cd/B28359\_01/server.111/\\b28313/basicmv.htm\#i1007007}}}
}

@misc {db2-viewrestrict,
	title = {{IBM DB2 Database Version 9.5 Documentation}, {\tiny{http://publib.boulder.ibm.com/infocenter/db2luw/v9r5/index.jsp?topic\=/com.ibm.db2.luw.sql.ref.doc/doc/r0000927.html}}}
}

@misc {streambase,
    title = {{StreamBase Systems}, {http://www.streambase.com}}    
}

@misc {sb-patent,
    title     = {Stream processor with compiled programs, {U.S. Patent Application}, {app. \#11/644,189, pub. \#US 2008/0134158 A1}},
    author    = {Jon Salz and Richard Tibbetts},
    date      = {Dec 22, 2006}
}

@misc {tpch-url,
    title     = {{TPC-H v2.8.0 Specification}, {http://www.tpc.org/tpch/spec/tpch2.8.0.pdf}}
}

@article{chamberlin-tods:81,
  author    = {Donald D. Chamberlin and
               Morton M. Astrahan and
               W. Frank King III and
               Raymond A. Lorie and
               James W. Mehl and
               Thomas G. Price and
               Mario Schkolnick and
               Patricia G. Selinger and
               Donald R. Slutz and
               Bradford W. Wade and
               Robert A. Yost},
  title     = {Support for Repetitive Transactions and Ad Hoc Queries in
               System R},
  journal   = {ACM Trans. Database Syst.},
  volume    = {6},
  number    = {1},
  year      = {1981},
  pages     = {70-94},
}

@article{graefe-tkde:94,
  author    = {Goetz Graefe},
  title     = {Volcano - An Extensible and Parallel Query Evaluation System},
  journal   = {IEEE Trans. Knowl. Data Eng.},
  volume    = {6},
  number    = {1},
  year      = {1994},
  pages     = {120-135},
}

@article{batory-tse:88,
  author    = {Don S. Batory and
               J. R. Barnett and
               J. F. Garza and
               K. P. Smith and
               K. Tsukuda and
               B. C. Twichell and
               T. E. Wise},
  title     = {GENESIS: An Extensible Database Management System},
  journal   = {IEEE Trans. Software Eng.},
  volume    = {14},
  number    = {11},
  year      = {1988},
  pages     = {1711-1730},
}


@book(DF2004,
   author = {David S. Dummit and Richard M. Foote},
   title = "{Abstract Algebra}",
   year = 2004,
   publisher = {John Wiley \& Sons},
   edition = {3rd}
)


@book(Lang2002,
   author = {Serge Lang},
   title = {Algebra},
   edition = {Revised 3rd},
   year = 2002,
   publisher = {Springer-Verlag},
   series = {Graduate Texts in Mathematics}
)


@incollection(Joh90,
   author    = {David S. Johnson},
   title     = {A Catalog of Complexity Classes},
   chapter   = 2,
   booktitle = {Handbook of Theoretical Computer Science},
   volume    = 1,
   editor    = {Jan van Leeuwen},
   publisher = {Elsevier Science Publishers B.V.},
   year      = 1990,
   pages     = {67--161}
)


@inproceedings{1154557,
	Address = {Washington, DC, USA},
	Author = {Gurumurthi, S. and Zhang, Jianyong and Sivasubramaniam, A. and Kandemir, M. and Franke, H. and Vijaykrishnan, N. and Irwin, M. J.},
	Booktitle = {ISPASS '03: Proceedings of the 2003 IEEE International Symposium on Performance Analysis of Systems and Software},
	Date-Added = {2009-10-28 22:06:53 -0400},
	Date-Modified = {2009-10-28 22:06:53 -0400},
	Isbn = {0-7803-7756-7},
	Pages = {123--132},
	Publisher = {IEEE Computer Society},
	Title = {Interplay of energy and performance for disk arrays running transaction processing workloads},
	Year = {2003}}

@manual{tpch2008,
	Date-Added = {2009-10-28 02:01:03 -0400},
	Date-Modified = {2009-10-28 12:58:26 -0400},
	Edition = {Revision 2.8.0},
	Note = {http://www.tpc.org/tpch/spec/tpch2.6.0.pdf},
	Organization = {{Transaction Processing Performance Council}},
	Title = {{TPC Benchmark H (Decision Support)}},
	Year = {2008}}

@article{DBLP:journals/pvldb/SallesCSDGKW09,
  author    = {Marcos Antonio Vaz Salles and
               Tuan Cao and
               Benjamin Sowell and
               Alan J. Demers and
               Johannes Gehrke and
               Christoph Koch and
               Walker M. White},
  title     = {An Evaluation of Checkpoint Recovery for Massively Multiplayer
               Online Games},
  journal   = {PVLDB},
  volume    = {2},
  number    = {1},
  year      = {2009},
  pages     = {1258-1269},
  ee        = {http://www.vldb.org/pvldb/2/vldb09-387.pdf},
  bibsource = {DBLP, http://dblp.uni-trier.de}
}

@article{datacube,
	Author = {Jim Gray and Surajit Chaudhuri and Adam Bosworth and Andrew Layman and Don Reichart and Murali Venkatrao and Frank Pellow and Hamid Pirahesh},
	Date-Added = {2009-10-16 09:58:25 -0400},
	Date-Modified = {2009-10-16 10:00:44 -0400},
	Journal = {Data Mining and Knowledge Discovery},
	Month = {March},
	Number = {1},
	Pages = {29-53},
	Title = {Data Cube: A Relational Aggregation Operator Generalizing Group-By, Cross-Tab, and Sub-Totals},
	Volume = {1},
	Year = {1997}}

@article{318586,
	Address = {New York, NY, USA},
	Author = {Nievergelt, J. and Hinterberger, Hans and Sevcik, Kenneth C.},
	Date-Added = {2009-10-16 09:55:58 -0400},
	Date-Modified = {2009-10-16 09:55:58 -0400},
	Doi = {http://doi.acm.org/10.1145/348.318586},
	Issn = {0362-5915},
	Journal = {ACM Trans. Database Syst.},
	Number = {1},
	Pages = {38--71},
	Publisher = {ACM},
	Title = {The Grid File: An Adaptable, Symmetric Multikey File Structure},
	Volume = {9},
	Year = {1984},
	Bdsk-Url-1 = {http://doi.acm.org/10.1145/348.318586}}



@article{DBLP:journals/tocs/ChangDGHWBCFG08,
  author    = {Fay Chang and
               Jeffrey Dean and
               Sanjay Ghemawat and
               Wilson C. Hsieh and
               Deborah A. Wallach and
               Michael Burrows and
               Tushar Chandra and
               Andrew Fikes and
               Robert E. Gruber},
  title     = {Bigtable: A Distributed Storage System for Structured Data},
  journal   = {ACM Trans. Comput. Syst.},
  volume    = {26},
  number    = {2},
  year      = {2008},
  ee        = {http://doi.acm.org/10.1145/1365815.1365816},
  bibsource = {DBLP, http://dblp.uni-trier.de}
}


@inproceedings{DBLP:conf/sigmod/AcharyaGPR99,
  author    = {Swarup Acharya and
               Phillip B. Gibbons and
               Viswanath Poosala and
               Sridhar Ramaswamy},
  title     = {The Aqua Approximate Query Answering System},
  booktitle = {Proc.\ SIGMOD Conference},
  year      = {1999},
  pages     = {574-576},
  ee        = {http://doi.acm.org/10.1145/304182.304581, db/conf/sigmod/AcharyaGPR99.html},
  bibsource = {DBLP, http://dblp.uni-trier.de}
}


@inproceedings{DBLP:conf/pods/Batory88,
  author    = {Don S. Batory},
  title     = {Concepts for a Database System Compiler},
  booktitle = {Proceedings of the Seventh ACM SIGACT-SIGMOD-SIGART Symposium
               on Principles of Database Systems, March 21-23, 1988, Austin,
               Texas},
  publisher = {ACM},
  year      = {1988},
  isbn      = {0-89791-263-2},
  pages     = {184-192},
  ee        = {http://doi.acm.org/10.1145/308386.308435, db/conf/pods/Batory88.html},
  bibsource = {DBLP, http://dblp.uni-trier.de}
}


@article{DBLP:journals/jiis/BatoryT97,
  author    = {Don S. Batory and
               Jeff Thomas},
  title     = {P2: A Lightweight DBMS Generator},
  journal   = {J. Intell. Inf. Syst.},
  volume    = {9},
  number    = {2},
  year      = {1997},
  pages     = {107-123},
  bibsource = {DBLP, http://dblp.uni-trier.de}
}


@article{DBLP:journals/cacm/DeanG08,
  author    = {Jeffrey Dean and
               Sanjay Ghemawat},
  title     = {MapReduce: simplified data processing on large clusters},
  journal   = {Commun. ACM},
  volume    = {51},
  number    = {1},
  year      = {2008},
  pages     = {107-113},
  ee        = {http://doi.acm.org/10.1145/1327452.1327492},
  bibsource = {DBLP, http://dblp.uni-trier.de}
}


@book{DBLP:books/aw/AbiteboulHV95,
  author    = {Serge Abiteboul and
               Richard Hull and
               Victor Vianu},
  title     = {Foundations of Databases},
  publisher = {Addison-Wesley},
  year      = {1995},
  isbn      = {0-201-53771-0},
  bibsource = {DBLP, http://dblp.uni-trier.de}
}


@inproceedings{DBLP:conf/sigmod/RusuXPWJJD08,
  author    = {Florin Rusu and
               Fei Xu and
               Luis Leopoldo Perez and
               Mingxi Wu and
               Ravi Jampani and
               Chris Jermaine and
               Alin Dobra},
  title     = {The DBO database system},
  booktitle = {Proc.\ SIGMOD Conference},
  year      = {2008},
  pages     = {1223-1226},
  ee        = {http://doi.acm.org/10.1145/1376616.1376740},
  bibsource = {DBLP, http://dblp.uni-trier.de}
}


@inproceedings{DBLP:conf/sigmod/HaasH99,
  author    = {Peter J. Haas and
               Joseph M. Hellerstein},
  title     = {Ripple Joins for Online Aggregation},
  booktitle = {Proc.\ SIGMOD Conference},
  year      = {1999},
  pages     = {287-298},
  ee        = {http://doi.acm.org/10.1145/304182.304208, db/conf/sigmod/HaasH99.html},
  bibsource = {DBLP, http://dblp.uni-trier.de}
}


@misc(dbcolumn,
   author = {David J. DeWitt and Michael Stonebraker},
   note = {http://databasecolumn.vertica.com/database-innovation/mapreduce-a-major-step-backwards/}
)


@inproceedings{DBLP:conf/sigmod/PavloPRADMS09,
  author    = {Andrew Pavlo and
               Erik Paulson and
               Alexander Rasin and
               Daniel J. Abadi and
               David J. DeWitt and
               Samuel Madden and
               Michael Stonebraker},
  title     = {A comparison of approaches to large-scale data analysis},
  booktitle = {Proc.\ SIGMOD Conference},
  year      = {2009},
  pages     = {165-178},
  ee        = {http://doi.acm.org/10.1145/1559845.1559865},
  bibsource = {DBLP, http://dblp.uni-trier.de}
}


@article{DBLP:journals/tods/Batory79,
  author    = {Don S. Batory},
  title     = {On Searching Transposed Files},
  journal   = {ACM Trans. Database Syst.},
  volume    = {4},
  number    = {4},
  year      = {1979},
  pages     = {531-544},
  ee        = {http://doi.acm.org/10.1145/320107.320125, db/journals/tods/Batory79.html},
  bibsource = {DBLP, http://dblp.uni-trier.de}
}


@inproceedings{DBLP:conf/cidr/KerstenM05,
  author    = {Martin L. Kersten and
               Stefan Manegold},
  title     = {Cracking the Database Store},
  booktitle = {Proc.\ CIDR},
  year      = {2005},
  pages     = {213-224},
  ee        = {http://www.cidrdb.org/cidr2005/papers/P18.pdf},
  bibsource = {DBLP, http://dblp.uni-trier.de}
}


@inproceedings{DBLP:conf/vldb/StonebrakerMAHHH07,
  author    = {Michael Stonebraker and
               Samuel Madden and
               Daniel J. Abadi and
               Stavros Harizopoulos and
               Nabil Hachem and
               Pat Helland},
  title     = {The End of an Architectural Era (It's Time for a Complete
               Rewrite)},
  booktitle = {Proc.\ VLDB},
  year      = {2007},
  pages     = {1150-1160},
  ee        = {http://www.vldb.org/conf/2007/papers/industrial/p1150-stonebraker.pdf},
  bibsource = {DBLP, http://dblp.uni-trier.de}
}


@article{DBLP:journals/pvldb/KallmanKNPRZJMSZHA08,
  author    = {Robert Kallman and
               Hideaki Kimura and
               Jonathan Natkins and
               Andrew Pavlo and
               Alex Rasin and
               Stanley B. Zdonik and
               Evan P. C. Jones and
               Samuel Madden and
               Michael Stonebraker and
               Yang Zhang and
               John Hugg and
               Daniel J. Abadi},
  title     = {H-store: a high-performance, distributed main memory transaction
               processing system},
  journal   = {PVLDB},
  volume    = {1},
  number    = {2},
  year      = {2008},
  pages     = {1496-1499},
  ee        = {http://www.vldb.org/pvldb/1/1454211.pdf},
  bibsource = {DBLP, http://dblp.uni-trier.de}
}

@inproceedings(GIT2009,
   author = {Todd J. Green and Zachary Ives and Val Tannen},
   title = {Reconcilable Differences},
   booktitle = {Proc.\ ICDT},
   address = {St.\ Petersburg, Russia},
   year = 2009
)

@inproceedings(Smo1987,
   author = {R. Smolenski},
   title = {Algebraic methods in the theory of lower bounds for Boolean
               circuit complexity},
   booktitle = {Proc.\ STOC},
   year = 1987,
   pages = {77--82}
)


@article(GHJ1996,
   title = {Heraclitus: Elevating deltas to be first-class citizens in a
            database programming language},
   journal = {ACM Transactions on Database Systems},
   volume  = 21,
   number = 3,
   month = sep,
   year = 1996,
   pages = {370--426},
   author = {Shahram Ghandeharizadeh and Richard Hull and Dean Jacobs}
)


