%% This BibTeX bibliography file was created using BibDesk.
%% http://bibdesk.sourceforge.net/


%% Created for Oliver Kennedy at 2009-01-23 14:37:27 -0500 


%% Saved with string encoding Unicode (UTF-8) 



@book{numericalrecipes,
	Author = {Wiliam H. Press and Saul A. Teukolsky and William T. Vetterling and Brian P. Flannery},
	Date-Added = {2009-01-23 14:35:14 -0500},
	Date-Modified = {2009-01-23 14:37:05 -0500},
	Publisher = {Cambridge University Press},
	Title = {Numerical Recipes: The Art of Scientific Computing, Third Edition},
	Year = {2007}}

@inproceedings{OnlineAggregation,
	Author = {Joseph M. Hellerstein and                Peter J. Haas and                Helen J. Wang},
	Booktitle = {SIGMOD Conference},
	Pages = {171-182},
	Title = {Online Aggregation},
	Year = {1997}}

@inproceedings{DBO,
	Author = {Florin Rusu and                Fei Xu and                Luis Leopoldo Perez and                Mingxi Wu and                Ravi Jampani and                Chris Jermaine and                Alin Dobra},
	Booktitle = {SIGMOD Conference},
	Pages = {1223-1226},
	Title = {The DBO database system},
	Year = {2008}}

@incollection{BLOG,
	Author = {Brian Milch and Bhaskara Marthi and Stuart Russell and              David Sontag and Daniel L. Ong and Andrey Kolobov},
	Booktitle = {Introduction to Statistical Relational Learning},
	Editor = {Lise Getoor and Ben Taskar},
	Publisher = {MIT Press, Cambridge, MA},
	Title = {{``BLOG: Probabilistic Models with Unknown Objects''}},
	Year = 2007}

@article{montecarlo,
	Author = {N. Metropolis and S. Ulam},
	Date-Added = {2008-12-03 13:52:27 -0500},
	Date-Modified = {2008-12-03 13:53:34 -0500},
	Journal = {Journal of the American Statistical Association},
	Number = {335},
	Title = {The Monte Carlo Method},
	Volume = {44},
	Year = {1949}}

@article{RD2006,
	Author = {Matthew Richardson and Pedro Domingos},
	Journal = {Machine Learning},
	Pages = {107--136},
	Title = {{``Markov Logic Networks''}},
	Volume = {{\bf 62}},
	Year = 2006}

@book{GRS1995,
	Author = {W.R. Gilks and S. Richardson and David Spiegelhalter},
	Publisher = {Chapman and Hall/CRC},
	Title = {{Markov Chain Monte Carlo in Practice:             Interdisciplinary Statistics}},
	Year = 1995}

@inproceedings{WidomTrio2008,
	Author = {Jennifer Widom},
	Booktitle = {Managing and Mining Uncertain Data},
	Chapter = 5,
	Editor = {Charu Aggarwal},
	Note = {To appear},
	Publisher = {Springer-Verlag},
	Title = {{``Trio: a system for data, uncertainty, and lineage''}},
	Year = 2008}

@inproceedings{Koch2008,
	Author = {Christoph Koch},
	Booktitle = {Proc.\ PODS},
	Title = {{``Approximating Predicates and             Expressive Queries on Probabilistic Databases''}},
	Year = 2008}

@incollection{KochMayBMS2008,
	Author = {Christoph Koch},
	Booktitle = {Managing and Mining Uncertain Data},
	Chapter = 6,
	Editor = {Charu Aggarwal},
	Note = {To appear},
	Publisher = {Springer-Verlag},
	Title = {{``MayBMS: A system for managing large uncertain and probabilistic             databases''}},
	Year = 2008}

@inproceedings{ORION,
	Author = {Sarvjeet Singh and                Chris Mayfield and                Sagar Mittal and                Sunil Prabhakar and                Susanne E. Hambrusch and                Rahul Shah},
	Booktitle = {Proc. ACM SIGMOD Conference},
	Pages = {1239-1242},
	Title = {{``Orion 2.0: native support for uncertain data''}},
	Year = {2008}}

@inproceedings{BayesStore,
	Author = {Daisy Zhe Wang and Eirinaios Michelakis and Minos Garofalakis                 and Joseph M. Hellerstein},
	Booktitle = {VLDB '08, Proc.~34th Int.~Conference on Very Large Databases},
	Title = {{``{BayesStore}: Managing large, uncertain data repositories with probabilistic graphical models''}},
	Year = 2008}

@inproceedings{MCDB,
	Author = {Ravi Jampani and                Fei Xu and                Mingxi Wu and                Luis Leopoldo Perez and                Christopher M. Jermaine and                Peter J. Haas},
	Booktitle = {Proc. ACM SIGMOD Conference},
	Pages = {687-700},
	Title = {{``{MCDB: A Monte Carlo} approach to managing uncertain data''}},
	Year = {2008}}

@article{metropolis,
	Author = {Nicholas Metropolis and Arianna W. Rosenbluth and Marshall N. Rosenbluth and Augusta H.Teller and Edward Teller},
	Date-Added = {2008-11-30 23:15:08 -0500},
	Date-Modified = {2008-11-30 23:17:50 -0500},
	Journal = {Journal of Chemical Physics},
	Month = {June},
	Number = {6},
	Title = {Equation of State Calculations by Fast Computing Machines},
	Volume = {21},
	Year = {1953}}

@inproceedings{1376686,
	Address = {New York, NY, USA},
	Author = {Ravi Jampani and Fei Xu and Mingxi Wu and Luis Leopoldo Perez and Christopher Jermaine and Peter J. Haas},
	Booktitle = {SIGMOD '08: Proceedings of the 2008 ACM SIGMOD international conference on Management of data},
	Date-Added = {2008-11-05 12:58:26 -0500},
	Date-Modified = {2008-11-05 12:58:26 -0500},
	Doi = {http://doi.acm.org/10.1145/1376616.1376686},
	Isbn = {978-1-60558-102-6},
	Location = {Vancouver, Canada},
	Pages = {687--700},
	Publisher = {ACM},
	Title = {MCDB: a monte carlo approach to managing uncertain data},
	Year = {2008},
	Bdsk-Url-1 = {http://doi.acm.org/10.1145/1376616.1376686}}

@techreport{Haas1996,
	Author = {Peter Haas},
	Date = {August 22},
	Institution = {IBM Almaden Research Center},
	Number = {RJ 10040 (90536)},
	Title = {{``Hoeffding Inequalities for Join-Selectivity Estimation                 and Online Aggregation''}},
	Year = 1996}

@inproceedings{GGH1998,
	Author = {Erich Gr\"adel and Yuri Gurevich and Colin Hirsch},
	Booktitle = {Proc.\ PODS},
	Pages = {227--234},
	Title = {{``The Complexity of Query Reliability''}},
	Year = 1998}

@inproceedings{SD2007,
	Author = {Prithviraj Sen and Amol Deshpande},
	Booktitle = {Proc.\ ICDE},
	Pages = {596--605},
	Title = {{``Representing and Querying Correlated Tuples in                 Probabilistic Databases''}},
	Year = 2007}

@inproceedings{Koch2008,
	Author = {Christoph Koch},
	Booktitle = {Proc.\ PODS},
	Title = {{``Approximating Predicates and             Expressive Queries on Probabilistic Databases''}},
	Year = 2008}

@article{DP1960,
	Author = {Martin Davis and Hillary Putnam},
	Journal = {Journal of ACM},
	Number = 3,
	Pages = {201--215},
	Title = {{``A Computing Procedure for Quantification Theory''}},
	Volume = {{\bf 7}},
	Year = 1960}

@article{Bat1979,
	Author = {Don S. Batory},
	Journal = tods,
	Number = 4,
	Pages = {531--544},
	Title = {{``On Searching Transposed Files''}},
	Volume = {{\bf 4}},
	Year = 1979}

@inproceedings{SAB+2005,
	Author = {Michael Stonebraker and Daniel J. Abadi and Adam Batkin and              Xuedong Chen and Mitch Cherniack and Miguel Ferreira and              Edmond Lau and Amerson Lin and Samuel Madden and              Elizabeth J. O'Neil and Patrick E. O'Neil and Alex Rasin              and Nga Tran and Stanley B. Zdonik},
	Booktitle = {Proc.\ VLDB},
	Pages = {553--564},
	Title = {{``C-Store: A Column-oriented DBMS''}},
	Year = 2005}

@article{IL1984,
	Author = {T. Imielinski and W. Lipski},
	Journal = {Journal of ACM},
	Number = 4,
	Pages = {761--791},
	Title = {{``Incomplete information in relational databases''}},
	Volume = {{\bf 31}},
	Year = 1984}

@inproceedings{Wachter:Multistate:2007,
	Author = {Michael Wachter and Rolf Haenni},
	Booktitle = {Proc.\ Canadian {AI}},
	Optaddress = {Denver, Colorado},
	Pages = {464--475},
	Title = {{``Multi-state Directed Acyclic Graphs''}},
	Year = 2007}

@article{Birnbaum:DP:1999,
	Author = {Elazar Birnbaum and Eliezer Lozinskii},
	Journal = {Journal of AI Research},
	Number = 6,
	Pages = {457--477},
	Title = {{``The Good Old Davis-Putnam Procedure Helps Counting Models''}},
	Volume = {{\bf 10}},
	Year = 1999}

@inproceedings{INV1991,
	Author = {T. Imielinski and S. Naqvi and K. Vadaparty},
	Booktitle = {Proc.\ SIGMOD},
	Optaddress = {Denver, Colorado},
	Pages = {288--297},
	Title = {{``Incomplete objects --- a data model for design and planning              applications''}},
	Year = 1991}

@inproceedings{ASV2001,
	Author = {Serge Abiteboul and Luc Segoufin and Victor Vianu},
	Booktitle = {Proc.\ PODS},
	Title = {{``Representing and Querying {XML} with                 Incomplete Information''}},
	Year = {2001}}

@article{AKG1991,
	Author = {Serge Abiteboul and Paris Kanellakis and G\"osta Grahne},
	Journal = {Theor.\ Comput.\ Sci.},
	Number = 1,
	Pages = {158-187},
	Title = {{``On the Representation and Querying of Sets of                 Possible Worlds''}},
	Volume = {{\bf 78}},
	Year = {1991}}

@inproceedings{Gra1984,
	Author = {G\"osta Grahne},
	Booktitle = {Proc.\ VLDB},
	Pages = {37--45},
	Title = {{``Dependency Satisfaction in Databases with                 Incomplete Information''}},
	Year = 1984}

@book{Gra1991,
	Author = {G\"osta Grahne},
	Number = 554,
	Publisher = {Springer-Verlag},
	Series = {LNCS},
	Title = {{The Problem of Incomplete Information in Relational Databases}},
	Year = 1991}

@inproceedings{LW1993,
	Author = {Leonid Libkin and Limsoon Wong},
	Booktitle = {Proc.\ PODS},
	Pages = {37--48},
	Title = {{``Semantic Representations and Query Languages for {OR}-Sets''}},
	Year = {1993}}

@book{AHV95,
	Author = {Serge Abiteboul and Richard Hull and Victor Vianu},
	Publisher = {Addison-Wesley},
	Title = {{Foundations of Databases}},
	Year = 1995}

@article{ABU79,
	Author = {Alfred V. Aho and Catriel Beeri and Jeffrey D. Ullman},
	Journal = tods,
	Number = 3,
	Pages = {297--314},
	Title = {{``The Theory of Joins in Relational Databases''}},
	Volume = {{\bf 4}},
	Year = 1979}

@article{MMS79,
	Author = {David Maier and Alberto O. Mendelzon and Yehoshua Sagiv},
	Journal = tods,
	Number = 4,
	Pages = {455--469},
	Title = {{``Testing Implications of Data Dependencies''}},
	Volume = {{\bf 4}},
	Year = 1979}

@article{RD2000,
	Author = {Erhard Rahm and Hong Hai Do},
	Journal = {IEEE Data Engineering Bulletin},
	Title = {{``Erhard Data Cleaning: Problems and Current Approaches''}},
	Year = 2000}

@inproceedings{GFSS2000,
	Author = {H. Galhardas and D. Florescu and D. Shasha and E Simon},
	Booktitle = {Proc.\ SIGMOD},
	Title = {{``AJAX: An Extensible Data Cleaning Tool''}},
	Year = 2000}

@inproceedings{RH2001,
	Author = {V. Raman and J.M. Hellerstein},
	Booktitle = {Proc.\ VLDB},
	Title = {{``Potter's Wheel: An Interactive Data Cleaning System''}},
	Year = 2001}

@inproceedings{CGGM2003,
	Author = {S. Chaudhuri and K. Ganjam and V. Ganti and R. Motwani},
	Booktitle = {Proc.\ SIGMOD},
	Title = {{``Robust and Efficient Fuzzy Match for Online Data Cleaning''}},
	Year = 2003}

@inproceedings{Koch2005a,
	Author = {Christoph Koch},
	Booktitle = {Proc.\ PODS},
	Title = {{``On the Complexity of Nonrecursive XQuery and Functional Query Languages on Complex Values''}},
	Year = 2005}

@inproceedings{INFOMIX,
	Author = {Nicola Leone and Gianluigi Greco and Giovambattista Ianni and              Vincenzino Lio and Giorgio Terracina and Thomas Eiter and              Wolfgang Faber and Michael Fink and Georg Gottlob and              Riccardo Rosati and Domenico Lembo and Maurizio Lenzerini and              Marco Ruzzi and Edyta Kalka and Bartosz Nowicki and              Witold Staniszkis},
	Booktitle = {Proc.\ SIGMOD},
	Pages = {915--917},
	Title = {{``The INFOMIX system for advanced integration of incomplete and inconsistent data''}},
	Year = 2005}

@inproceedings{Koch2005b,
	Author = {Christoph Koch},
	Booktitle = {Proc.\ WebDB},
	Title = {{``On the Role of Composition in XQuery''}},
	Year = 2005}

@inproceedings{Var82,
	Author = {Moshe Y. Vardi},
	Booktitle = {Proc.\ STOC},
	Day = {5--7},
	Optaddress = {San Francisco, CA USA},
	Optmonth = may,
	Pages = {137--146},
	Title = {{``The Complexity of Relational Query Languages''}},
	Year = 1982}

@inproceedings{ABC1999,
	Author = {Marcelo Arenas and Leopoldo E. Bertossi and Jan Chomicki},
	Booktitle = {Proc.\ PODS},
	Pages = {68--79},
	Title = {{``Consistent Query Answers in Inconsistent Databases''}},
	Year = 1999}

@misc{IPUMS,
	Author = {Steven Ruggles and Matthew Sobek and Trent Alexander and               Catherine A. Fitch and Ronald Goeken and               Patricia Kelly Hall and Miriam King and Chad Ronnander},
	Optaddress = {Minneapolis MN USA},
	Optnote = {http://www.ipums.org},
	Optpublisher = {Minnesota Population Center},
	Title = {{``Integrated Public Use Microdata Series: V3.0''}},
	Year = 2004}

@inproceedings{AD98,
	Author = {Serge Abiteboul and Oliver M. Duschka},
	Booktitle = {Proc.\ PODS},
	Pages = {254--263},
	Title = {{``Complexity of Answering Queries Using                    Materialized Views''}},
	Year = 1998}

@article{PG1992,
	Author = {Jan Paredaens and Dirk Van Gucht},
	Journal = {{TODS}},
	Number = {1},
	Pages = {65--93},
	Title = {{``Converting nested algebra expressions into                    flat algebra expressions''}},
	Volume = {17},
	Year = 1992}

@article{RBG96,
	Author = {Sudhir Rao and Antonio Badia and Dirk Van Gucht},
	Journal = {{SIGMOD} Record},
	Number = {2},
	Pages = {217--227},
	Title = {{``Providing better support for a class of decision support queries''}},
	Volume = {25},
	Year = 1996}

@inproceedings{Rosa06c,
	Author = {Riccardo Rosati},
	Booktitle = { Proc.\ PODS},
	Title = {{``On the decidability and finite controllability of query                processing in databases with incomplete information''}},
	Year = 2006}

@inproceedings{CDLR2004,
	Author = {Diego Calvanese and Giuseppe De Giacomo and Maurizio Lenzerini              and Riccardo Rosati},
	Booktitle = {PODS 2004},
	Pages = {241--251},
	Title = {{``Logical Foundations of Peer-To-Peer Data Integration''}},
	Year = 2004}

@inproceedings{BB2005,
	Author = {Leopoldo E. Bertossi and Loreto Bravo},
	Booktitle = {Inconsistency Tolerance},
	Pages = {42--83},
	Title = {{``Consistent Query Answers in                 Virtual Data Integration Systems''}},
	Year = 2005}

@inproceedings{BBFL2005,
	Author = {Leopoldo E. Bertossi and Loreto Bravo and Enrico Franconi and              Andrei Lopatenko},
	Booktitle = {Proc.\ DBPL},
	Pages = {262--278},
	Title = {{``Complexity and Approximation of Fixing Numerical Attributes                 in Databases Under Integrity Constraints''}},
	Year = 2005}

@article{ABC2003,
	Author = {Marcelo Arenas and Leopoldo E. Bertossi and Jan Chomicki},
	Journal = {TPLP},
	Number = {4--5},
	Pages = {393--424},
	Title = {{``Answer sets for consistent query answering in                 inconsistent databases''}},
	Volume = {{\bf 3}},
	Year = 2003}

@inproceedings{CMS2004,
	Author = {Jan Chomicki and Jerzy Marcinkowski and Slawomir Staworko},
	Booktitle = {Proc.\ CIKM},
	Pages = {417--426},
	Title = {{``Computing consistent query answers using conflict                 hypergraphs''}},
	Year = 2004}

@book{Ull89,
	Author = {Jeffrey D. Ullman},
	Publisher = {Computer Science Press},
	Title = {{Principles of Database \& Knowledge-Base Systems Vol. 2:                  The New Technologies}},
	Year = 1989}

@inproceedings{BFFR2005,
	Author = {Philip Bohannon and Wenfei Fan and Michael Flaster and              Rajeev Rastogi},
	Booktitle = {Proc.\ SIGMOD},
	Month = jun,
	Title = {{``A Cost-Based Model and Effective Heuristic for                 Repairing Constraints by Value Modification}},
	Year = 2005}

@inproceedings{BFGJK2007,
	Author = {Philip Bohannon and Wenfei Fan and Floris Geerts and              Xibei Jia and Anastasios Kementsietsidis},
	Booktitle = {Proc.\ ICDE},
	Title = {{``Conditional Functional Dependencies for Data Cleaning''}},
	Year = 2007}

@misc{medicinenet,
	Key = {MedicineNet},
	Title = {\textsf{http://www.medicinenet.com}}}

@article{FKMP2005,
	Author = {Ronald Fagin and Phokion G. Kolaitis and Renee J. Miller and Lucian Popa},
	Journal = {Theoretical Computer Science},
	Number = 1,
	Pages = {89--124},
	Title = {{``Data exchange: semantics and query answering''}},
	Volume = {{\bf 336}},
	Year = 2005}

@inproceedings{GT2006,
	Author = {Todd J. Green and Val Tannen},
	Booktitle = {International Workshop on Incompleteness and                 Inconsistency in Databases (IIDB)},
	Title = {{``Models for Incomplete and Probabilistic Information''}},
	Year = 2006}

@article{BSHW2006,
	Author = {Omar Benjelloun and Anish Das Sarma and Chris Hayworth and Jennifer Widom},
	Journal = {{IEEE Data Engineering Bulletin}},
	Optnumber = 1,
	Optpages = {89--124},
	Optvolume = {{\bf 336}},
	Title = {{``An Introduction to ULDBs and the Trio System''}},
	Year = 2006}

@inproceedings{BDSHW2006,
	Author = {Omar Benjelloun and Anish Das Sarma and Alon Halevy and               Jennifer Widom},
	Booktitle = {Proc.\ VLDB},
	Title = {{``{ULDBs}: Databases with Uncertainty and Lineage''}},
	Year = 2006}

@inproceedings{STW2008,
	Author = { Anish Das Sarma and Martin Theobald and Jennifer Widom},
	Booktitle = {Proc.\ ICDE},
	Title = {{``Exploiting Lineage for Confidence Computation in Uncertain and Probabilistic Databases''}},
	Year = 2008}

@manual{triql2006,
	Optedition = {Revision 2.6.0},
	Optnote = {http://infolab.stanford.edu/~widom/triql.html},
	Organization = {{Stanford Trio Project}},
	Title = {{``TriQL -- The Trio Query Language''}},
	Year = {2006}}

@inproceedings{dalvi04efficient,
	Author = {Nilesh Dalvi and Dan Suciu},
	Booktitle = {Proc.\ VLDB},
	Pages = {864--875},
	Title = {{``Efficient query evaluation on probabilistic databases''}},
	Year = {2004}}

@article{dalvi07efficient,
	Author = {Nilesh Dalvi and Dan Suciu},
	Journal = {VLDB Journal},
	Number = {4},
	Pages = {523--544},
	Title = {{``Efficient query evaluation on probabilistic databases''}},
	Volume = {{\bf 16}},
	Year = 2007}

@inproceedings{RDS07,
	Author = {Christopher Re and                Nilesh Dalvi and                Dan Suciu},
	Booktitle = {Proc.\ ICDE},
	Pages = {886--895},
	Title = {Efficient Top-k Query Evaluation on Probabilistic Data},
	Year = {2007}}

@inproceedings{suciu05mystiq,
	Author = {Jihad Boulos and                Nilesh Dalvi and                Bhushan Mandhani and                Shobhit Mathur and                Chris Re and                Dan Suciu},
	Booktitle = {Proc.\ SIGMOD},
	Pages = {891-893},
	Title = {{MYSTIQ}: a system for finding more answers by using probabilities},
	Year = {2005}}

@inproceedings{miller06clean,
	Author = {Periklis Andritsos and Ariel Fuxman and Renee J. Miller},
	Booktitle = {Proc.\ ICDE},
	Optpages = {30},
	Title = {{``Clean Answers over Dirty Databases:                     A Probabilistic Approach''}},
	Year = {2006}}

@misc{GK2008,
	Author = {Michaela Goetz and Christoph Koch},
	Note = {Under submission},
	Title = {{``A Compositional Framework                 for Complex Queries over Uncertain Data''}},
	Year = 2008}

@techreport{Koch2008-SO,
	Author = {Christoph Koch},
	Number = {arXiv:0807.4620},
	Title = {{``A Compositional Query Algebra for Second-Order Logic and Uncertain Databases''}},
	Year = 2008}

@inproceedings{OHK2008,
	Author = {Jiewen Huang and Dan Olteanu and Christoph Koch},
	Booktitle = {Proc.\ ICDE},
	Note = {To appear},
	Title = {{``Lazy versus Eager Query Plans for Tuple-Independent Probabilistic Databases''}},
	Year = 2009}

@inproceedings{KO2008,
	Author = {Christoph Koch and Dan Olteanu},
	Booktitle = {Proc.\ VLDB},
	Title = {{``Conditioning Probabilistic Databases''}},
	Year = 2008}

@article{OKA2008,
	Author = {Dan Olteanu and Christoph Koch and Lyublena Antova},
	Journal = {Theoretical Computer Science},
	Number = 23,
	Pages = {265--284},
	Title = {{``World-set Decompositions: Expressiveness and                 Efficient Algorithms''}},
	Volume = {{\bf 403}},
	Year = 2008}

@inproceedings{AK-MUD-2008,
	Address = {Auckland, New Zealand},
	Author = {Lyublena Antova and Christoph Koch},
	Booktitle = {Proc.\ 2nd International Workshop on Management of Uncertain Data},
	Title = {{``On APIs for Probabilistic Databases''}},
	Year = 2008}

@inproceedings{AKO07WSD,
	Author = {Lyublena Antova and Christoph Koch and Dan Olteanu},
	Booktitle = {Proc.\ ICDE},
	Title = {{``$10^{10^6}$ Worlds and Beyond: Efficient Representation                   and Processing of Incomplete Information''}},
	Year = {2007}}

@inproceedings{AKO07WSDb,
	Author = {Lyublena Antova and Christoph Koch and Dan Olteanu},
	Booktitle = {Proc.\ ICDE},
	Optnote = {Demonstration Paper},
	Title = {{``MayBMS: Managing Incomplete Information with                     Probabilistic World-Set Decompositions''}},
	Year = {2007}}

@inproceedings{AKO07ISQL,
	Author = {Lyublena Antova and Christoph Koch and Dan Olteanu},
	Booktitle = {Proc.\ SIGMOD},
	Title = {{``From Complete to Incomplete Information and Back''}},
	Year = {2007}}

@inproceedings{AKO-VLDBDEMO-2007,
	Author = {Lyublena Antova and Christoph Koch and Dan Olteanu},
	Booktitle = {Proc.\ VLDB},
	Title = {{``Query Language Support for                 Incomplete Information in the MayBMS System''}},
	Year = 2007}

@inproceedings{AJKO2008,
	Author = {Lyublena Antova and Thomas Jansen and                   Christoph Koch and Dan Olteanu},
	Booktitle = {Proc.\ ICDE},
	Title = {{``Fast and Simple Relational Processing of Uncertain Data''}},
	Year = {2008}}

@inproceedings{OH:SUM:2008,
	Author = {Dan Olteanu and Jiewen Huang},
	Booktitle = {Proc.\ SUM},
	Title = {Conjunctive Queries with Inequalities on Probabilistic Databases},
	Year = 2008}

@article{Bryant86,
	Author = {Randal E. Bryant},
	Journal = {IEEE Trans. Computers},
	Number = {8},
	Pages = {677-691},
	Title = {Graph-Based Algorithms for Boolean Function Manipulation},
	Volume = {35},
	Year = {1986}}

@article{brayton87,
	Author = {R. K. Brayton},
	Journal = {{IBM J. Res. Develop.}},
	Title = {{``Factoring logic functions''}},
	Volume = {{\bf 31}},
	Year = {1987}}

@article{darwicheJAIR02,
	Author = {Adnan Darwiche and Pierre Marquis},
	Journal = {{Journal of AI Research}},
	Pages = {229--264},
	Title = {{``A knowlege compilation map''}},
	Volume = {17},
	Year = {2002}}

@book{Meinel:OBDD:1998,
	Author = {Christoph Meinel and Thorsten Theobald},
	Publisher = {Springer-Verlag},
	Title = {Algorithms and Data Structures in {VLSI} Design},
	Year = {1998}}

@book{gj79,
	Author = {M. R. Garey and D. S. Johnson},
	Publisher = {W.H. Freeman},
	Title = {Computers and intractability; a guide to the theory of    {\it NP}-completeness},
	Year = {1979}}

@techreport{re06prob,
	Author = {Chris Re and Nilesh Dalvi and Dan Suciu},
	Institution = {University of Washington},
	Title = {{``Probabilistic Databases: Where and How''}},
	Year = {2005}}

@article{tpch2000,
	Author = {Mikel Poess and Chris Floyd},
	Journal = {{SIGMOD Record}},
	Number = {4},
	Title = {{``New TPC Benchmarks for Decision Support and                      Web Commerce''}},
	Volume = {29},
	Year = {2000}}

@manual{tpch2006,
	Edition = {Revision 2.6.0},
	Note = {http://www.tpc.org/tpch/spec/tpch2.6.0.pdf},
	Organization = {{Transaction Processing Performance Council}},
	Title = {{TPC Benchmark H (Decision Support)}},
	Year = {2006}}

@inproceedings{division,
	Author = {Ralf Rantzau and Christoph Mangold},
	Booktitle = {Proc.\ ICDE},
	Title = {{``Laws for Rewriting Queries                     Containing Division Operators''}},
	Year = {2006}}

@inproceedings{BunemanICDT01,
	Author = {Peter Buneman and Sanjeev Khanna and Wang-Chiew Tan},
	Booktitle = {Proc.\ ICDT},
	Title = {{``Why and Where: A Characterization of Data Provenance''}},
	Year = 2001}

@inproceedings{DS2007,
	Author = {Nilesh Dalvi and Dan Suciu},
	Booktitle = {Proc.\ PODS},
	Title = {{``Management of Probabilistic Data: Foundations and                 Challenges''}},
	Year = 2007}

@article{EIV2006,
	Author = {Ahmed K. Elmagarmid and Panagiotis G. Ipeirotis and              Vassilios K. Verykios},
	Journal = {IEEE TKDE},
	Number = 1,
	Title = {{``Duplicate Record Detection''}},
	Volume = {{\bf 19}},
	Year = 2006}

@article{FR1997,
	Author = {Norbert Fuhr and Thomas R\"olleke},
	Journal = {ACM Trans.\ Inf.\ Syst.},
	Number = 1,
	Pages = {32--66},
	Title = {{``A Probabilistic Relational Algebra for the                Integration of Information Retrieval and Database Systems''}},
	Volume = {{\bf 15}},
	Year = 1997}

@book{Vazirani2001,
	Author = {Vijay V. Vazirani},
	Publisher = {Springer},
	Title = {{Approximation Algorithms}},
	Year = 2001}

@inproceedings{KL1983,
	Author = {Richard M. Karp and Michael Luby},
	Booktitle = {Proc.\ FOCS},
	Pages = {56--64},
	Title = {{``Monte-Carlo Algorithms for Enumeration and                 Reliability Problems''}},
	Year = 1983,
	Bdsk-File-1 = {YnBsaXN0MDDUAQIDBAUGCQpYJHZlcnNpb25UJHRvcFkkYXJjaGl2ZXJYJG9iamVjdHMSAAGGoNE
HCFRyb290gAFfEA9OU0tleWVkQXJjaGl2ZXKoCwwXGBkdJCVVJG51bGzTDQ4PEBEUViRjbGFzc1
dOUy5rZXlzWk5TLm9iamVjdHOAB6ISE4ACgAOiFRaABIAGWWFsaWFzRGF0YVxyZWxhdGl2ZVBhd
GjSDRobHFdOUy5kYXRhgAVPEQG6AAAAAAG6AAIAAAxNYWNpbnRvc2ggSEQAAAAAAAAAAAAAAAAA
AADE+gKpSCsAAAAOcWENTWVyZ2VQREZzLnBkZgAAAAAAAAAAAAAAAAAAAAAAAAAAAAAAAAAAAAA
AAAAAAAAAAAAAAAAAAAAAAAAAAAAAAA5xb8UmNUAAAAAAAAAAAAAEAAYAAAkgAAAAAAAAAAAAAA
AAAAAABnBhcGVycwAQAAgAAMT6OukAAAARAAgAAMUmbYAAAAABABwADnFhAA5xTAAOcS8ADlMgA
ApKMwAKShwAAHvYAAIATE1hY2ludG9zaCBIRDpVc2Vyczp4dGhlbWFnZTpEb2N1bWVudHM6UGFw
ZXJzOm1heWJtczpwaXA6cGFwZXJzOk1lcmdlUERGcy5wZGYADgAcAA0ATQBlAHIAZwBlAFAARAB
GAHMALgBwAGQAZgAPABoADABNAGEAYwBpAG4AdABvAHMAaAAgAEgARAASAD9Vc2Vycy94dGhlbW
FnZS9Eb2N1bWVudHMvUGFwZXJzL21heWJtcy9waXAvcGFwZXJzL01lcmdlUERGcy5wZGYAABMAA
S8AABUAAgAP//8AANIeHyAhWCRjbGFzc2VzWiRjbGFzc25hbWWjISIjXU5TTXV0YWJsZURhdGFW
TlNEYXRhWE5TT2JqZWN0XxA8Li4vLi4vLi4vLi4vRG9jdW1lbnRzL1BhcGVycy9tYXlibXMvcGl
wL3BhcGVycy9NZXJnZVBERnMucGRm0h4fJieiJyNcTlNEaWN0aW9uYXJ5AAgAEQAaAB8AKQAyAD
cAOgA/AEEAUwBcAGIAaQBwAHgAgwCFAIgAigCMAI8AkQCTAJ0AqgCvALcAuQJ3AnwChQKQApQCo
gKpArIC8QL2AvkAAAAAAAACAQAAAAAAAAAoAAAAAAAAAAAAAAAAAAADBg==}}

@article{KLM1989,
	Author = {Richard M. Karp and Michael Luby and Neal Madras},
	Journal = {J.\ Algorithms},
	Number = 3,
	Pages = {429--448},
	Title = {{``Monte-Carlo Approximation Algorithms for                  Enumeration Problems''}},
	Volume = {{\bf 10}},
	Year = 1989}

@article{DKLR2000,
	Author = {Paul Dagum and Richard M. Karp and Michael Luby and               Sheldon M. Ross},
	Journal = {SIAM J.\ Comput.},
	Number = 5,
	Pages = {1484--1496},
	Title = {{``An Optimal Algorithm for Monte Carlo Estimation''}},
	Volume = {{\bf 29}},
	Year = 2000}
