%% This BibTeX bibliography file was created using BibDesk.
%% http://bibdesk.sourceforge.net/


%% Created for Oliver Kennedy at 2010-05-20 00:27:40 -0400 


%% Saved with string encoding Unicode (UTF-8) 



@article{1687592,
	Author = {Ahmad, Yanif and Koch, Christoph},
	Date-Added = {2010-05-20 00:21:01 -0400},
	Date-Modified = {2010-05-20 00:21:01 -0400},
	Issn = {2150-8097},
	Journal = {Proc. VLDB Endow.},
	Number = {2},
	Pages = {1566--1569},
	Publisher = {VLDB Endowment},
	Title = {DBToaster: a SQL compiler for high-performance delta processing in main-memory databases},
	Url = {http://portal.acm.org/ft_gateway.cfm?id=1687592&type=pdf&coll=GUIDE&dl=GUIDE&CFID=88977824&CFTOKEN=16457288},
	Volume = {2},
	Year = {2009},
	Bdsk-Url-1 = {http://portal.acm.org/ft_gateway.cfm?id=1687592&type=pdf&coll=GUIDE&dl=GUIDE&CFID=88977824&CFTOKEN=16457288}}

@incollection{Joh90,
	Author = {David S. Johnson},
	Booktitle = {Handbook of Theoretical Computer Science},
	Chapter = 2,
	Editor = {Jan van Leeuwen},
	Pages = {67--161},
	Publisher = {Elsevier Science Publishers B.V.},
	Title = {{``A Catalog of Complexity Classes''}},
	Volume = 1,
	Year = 1990}

@inproceedings{1154557,
	Address = {Washington, DC, USA},
	Author = {Gurumurthi, S. and Zhang, Jianyong and Sivasubramaniam, A. and Kandemir, M. and Franke, H. and Vijaykrishnan, N. and Irwin, M. J.},
	Booktitle = {ISPASS '03: Proceedings of the 2003 IEEE International Symposium on Performance Analysis of Systems and Software},
	Date-Added = {2009-10-28 22:06:53 -0400},
	Date-Modified = {2009-10-28 22:06:53 -0400},
	Isbn = {0-7803-7756-7},
	Pages = {123--132},
	Publisher = {IEEE Computer Society},
	Title = {Interplay of energy and performance for disk arrays running transaction processing workloads},
	Year = {2003}}

@manual{tpch2008,
	Date-Added = {2009-10-28 02:01:03 -0400},
	Date-Modified = {2009-10-28 12:58:26 -0400},
	Edition = {Revision 2.8.0},
	Note = {http://www.tpc.org/tpch/spec/tpch2.6.0.pdf},
	Organization = {{Transaction Processing Performance Council}},
	Title = {{TPC Benchmark H (Decision Support)}},
	Year = {2008}}

@article{DBLP:journals/pvldb/SallesCSDGKW09,
	Author = {Marcos Antonio Vaz Salles and Tuan Cao and Benjamin Sowell and Alan J. Demers and Johannes Gehrke and Christoph Koch and Walker M. White},
	Bibsource = {DBLP, http://dblp.uni-trier.de},
	Ee = {http://www.vldb.org/pvldb/2/vldb09-387.pdf},
	Journal = {PVLDB},
	Number = {1},
	Pages = {1258-1269},
	Title = {An Evaluation of Checkpoint Recovery for Massively Multiplayer Online Games},
	Volume = {2},
	Year = {2009}}

@article{datacube,
	Author = {Jim Gray and Surajit Chaudhuri and Adam Bosworth and Andrew Layman and Don Reichart and Murali Venkatrao and Frank Pellow and Hamid Pirahesh},
	Date-Added = {2009-10-16 09:58:25 -0400},
	Date-Modified = {2009-10-16 10:00:44 -0400},
	Journal = {Data Mining and Knowledge Discovery},
	Month = {March},
	Number = {1},
	Pages = {29-53},
	Title = {Data Cube: A Relational Aggregation Operator Generalizing Group-By, Cross-Tab, and Sub-Totals},
	Volume = {1},
	Year = {1997}}

@article{318586,
	Address = {New York, NY, USA},
	Author = {Nievergelt, J. and Hinterberger, Hans and Sevcik, Kenneth C.},
	Date-Added = {2009-10-16 09:55:58 -0400},
	Date-Modified = {2009-10-16 09:55:58 -0400},
	Doi = {http://doi.acm.org/10.1145/348.318586},
	Issn = {0362-5915},
	Journal = {ACM Trans. Database Syst.},
	Number = {1},
	Pages = {38--71},
	Publisher = {ACM},
	Title = {The Grid File: An Adaptable, Symmetric Multikey File Structure},
	Volume = {9},
	Year = {1984},
	Bdsk-Url-1 = {http://doi.acm.org/10.1145/348.318586}}

@article{DBLP:journals/tocs/ChangDGHWBCFG08,
	Author = {Fay Chang and Jeffrey Dean and Sanjay Ghemawat and Wilson C. Hsieh and Deborah A. Wallach and Michael Burrows and Tushar Chandra and Andrew Fikes and Robert E. Gruber},
	Bibsource = {DBLP, http://dblp.uni-trier.de},
	Ee = {http://doi.acm.org/10.1145/1365815.1365816},
	Journal = {ACM Trans. Comput. Syst.},
	Number = {2},
	Title = {Bigtable: A Distributed Storage System for Structured Data},
	Volume = {26},
	Year = {2008}}

@inproceedings{DBLP:conf/sigmod/AcharyaGPR99,
	Author = {Swarup Acharya and Phillip B. Gibbons and Viswanath Poosala and Sridhar Ramaswamy},
	Bibsource = {DBLP, http://dblp.uni-trier.de},
	Booktitle = {SIGMOD Conference},
	Ee = {http://doi.acm.org/10.1145/304182.304581, db/conf/sigmod/AcharyaGPR99.html},
	Pages = {574-576},
	Title = {The Aqua Approximate Query Answering System},
	Year = {1999}}

@inproceedings{DBLP:conf/pods/Batory88,
	Author = {Don S. Batory},
	Bibsource = {DBLP, http://dblp.uni-trier.de},
	Booktitle = {Proceedings of the Seventh ACM SIGACT-SIGMOD-SIGART Symposium on Principles of Database Systems, March 21-23, 1988, Austin, Texas},
	Ee = {http://doi.acm.org/10.1145/308386.308435, db/conf/pods/Batory88.html},
	Isbn = {0-89791-263-2},
	Pages = {184-192},
	Publisher = {ACM},
	Title = {Concepts for a Database System Compiler},
	Year = {1988}}

@article{DBLP:journals/jiis/BatoryT97,
	Author = {Don S. Batory and Jeff Thomas},
	Bibsource = {DBLP, http://dblp.uni-trier.de},
	Journal = {J. Intell. Inf. Syst.},
	Number = {2},
	Pages = {107-123},
	Title = {P2: A Lightweight DBMS Generator},
	Volume = {9},
	Year = {1997}}

@article{DBLP:journals/cacm/DeanG08,
	Author = {Jeffrey Dean and Sanjay Ghemawat},
	Bibsource = {DBLP, http://dblp.uni-trier.de},
	Ee = {http://doi.acm.org/10.1145/1327452.1327492},
	Journal = {Commun. ACM},
	Number = {1},
	Pages = {107-113},
	Title = {MapReduce: simplified data processing on large clusters},
	Volume = {51},
	Year = {2008}}

@book{DBLP:books/aw/AbiteboulHV95,
	Author = {Serge Abiteboul and Richard Hull and Victor Vianu},
	Bibsource = {DBLP, http://dblp.uni-trier.de},
	Isbn = {0-201-53771-0},
	Publisher = {Addison-Wesley},
	Title = {Foundations of Databases},
	Year = {1995}}

@inproceedings{DBLP:conf/sigmod/RusuXPWJJD08,
	Author = {Florin Rusu and Fei Xu and Luis Leopoldo Perez and Mingxi Wu and Ravi Jampani and Chris Jermaine and Alin Dobra},
	Bibsource = {DBLP, http://dblp.uni-trier.de},
	Booktitle = {SIGMOD Conference},
	Ee = {http://doi.acm.org/10.1145/1376616.1376740},
	Pages = {1223-1226},
	Title = {The DBO database system},
	Year = {2008}}

@inproceedings{DBLP:conf/sigmod/HaasH99,
	Author = {Peter J. Haas and Joseph M. Hellerstein},
	Bibsource = {DBLP, http://dblp.uni-trier.de},
	Booktitle = {SIGMOD Conference},
	Ee = {http://doi.acm.org/10.1145/304182.304208, db/conf/sigmod/HaasH99.html},
	Pages = {287-298},
	Title = {Ripple Joins for Online Aggregation},
	Year = {1999}}

@misc{dbcolumn,
	Author = {David J. DeWitt and Michael Stonebraker},
	Note = {http://databasecolumn.vertica.com/database-innovation/mapreduce-a-major-step-backwards/}}

@inproceedings{DBLP:conf/sigmod/PavloPRADMS09,
	Author = {Andrew Pavlo and Erik Paulson and Alexander Rasin and Daniel J. Abadi and David J. DeWitt and Samuel Madden and Michael Stonebraker},
	Bibsource = {DBLP, http://dblp.uni-trier.de},
	Booktitle = {SIGMOD Conference},
	Ee = {http://doi.acm.org/10.1145/1559845.1559865},
	Pages = {165-178},
	Title = {A comparison of approaches to large-scale data analysis},
	Year = {2009}}

@article{DBLP:journals/tods/Batory79,
	Author = {Don S. Batory},
	Bibsource = {DBLP, http://dblp.uni-trier.de},
	Ee = {http://doi.acm.org/10.1145/320107.320125, db/journals/tods/Batory79.html},
	Journal = {ACM Trans. Database Syst.},
	Number = {4},
	Pages = {531-544},
	Title = {On Searching Transposed Files},
	Volume = {4},
	Year = {1979}}

@inproceedings{DBLP:conf/cidr/KerstenM05,
	Author = {Martin L. Kersten and Stefan Manegold},
	Bibsource = {DBLP, http://dblp.uni-trier.de},
	Booktitle = {CIDR},
	Ee = {http://www.cidrdb.org/cidr2005/papers/P18.pdf},
	Pages = {213-224},
	Title = {Cracking the Database Store},
	Year = {2005}}

@inproceedings{DBLP:conf/vldb/StonebrakerMAHHH07,
	Author = {Michael Stonebraker and Samuel Madden and Daniel J. Abadi and Stavros Harizopoulos and Nabil Hachem and Pat Helland},
	Bibsource = {DBLP, http://dblp.uni-trier.de},
	Booktitle = {VLDB},
	Ee = {http://www.vldb.org/conf/2007/papers/industrial/p1150-stonebraker.pdf},
	Pages = {1150-1160},
	Title = {The End of an Architectural Era (It's Time for a Complete Rewrite)},
	Year = {2007}}

@article{DBLP:journals/pvldb/KallmanKNPRZJMSZHA08,
	Author = {Robert Kallman and Hideaki Kimura and Jonathan Natkins and Andrew Pavlo and Alex Rasin and Stanley B. Zdonik and Evan P. C. Jones and Samuel Madden and Michael Stonebraker and Yang Zhang and John Hugg and Daniel J. Abadi},
	Bibsource = {DBLP, http://dblp.uni-trier.de},
	Ee = {http://www.vldb.org/pvldb/1/1454211.pdf},
	Journal = {PVLDB},
	Number = {2},
	Pages = {1496-1499},
	Title = {H-store: a high-performance, distributed main memory transaction processing system},
	Volume = {1},
	Year = {2008}}
