%% This BibTeX bibliography file was created using BibDesk.
%% http://bibdesk.sourceforge.net/


%% Created for Oliver Kennedy at 2010-05-20 00:27:39 -0400 


%% Saved with string encoding Unicode (UTF-8) 


@string{cidr = {Conference on Innovative Data Systems Research}}

@string{cidr03 = {Proc. of the First Biennial } # cidr # { (CIDR'03)}}

@string{cidr05 = {Proc. of the Second Biennial } # cidr # { (CIDR'05)}}

@string{cidr_short = {CIDR}}

@string{icde = {International Conference on Data Engineering}}

@string{icde05 = {Proc. of the 21st } # icde # { (ICDE'05)}}

@string{icde07 = {Proc. of the 23rd } # icde # { (ICDE'07)}}

@string{icde94 = {Proc. of the 10th } # icde # { (ICDE'94)}}

@string{icde96 = {Proc. of the 12th } # icde # { (ICDE'96)}}

@string{icde_short = {ICDE}}

@string{pods = {ACM Symposium on Principles of Database Systems}}

@string{pods07 = {Proc. of the 26th } # pods # { (PODS'07)}}

@string{sigmod = {ACM SIGMOD International Conference on Management of Data}}

@string{sigmod06 = {Proc. of the 2006 } # sigmod}

@string{sigmod07 = {Proc. of the 2007 } # sigmod}

@string{sigmod08 = {Proc. of the 2008 } # sigmod}

@string{sigmod95 = {Proc. of the 1995 } # sigmod}

@string{sigmod96 = {Proc. of the 1996 } # sigmod}

@string{sigmod97 = {Proc. of the 1997 } # sigmod}

@string{sigmod99 = {Proc. of the 1999 } # sigmod}

@string{sigmod_short = {SIGMOD}}

@string{tods = {ACM Transactions on Database Systems}}

@string{vldb = {International Conference on Very Large Data Bases}}

@string{vldb02 = {Proc. of the 28th } # vldb # { (VLDB'02)}}

@string{vldb07 = {Proc. of the 33rd } # vldb # { (VLDB'07)}}

@string{vldb95 = {Proc. of the 21st } # vldb # { (VLDB'95)}}

@string{vldb98 = {Proc. of the 24th } # vldb # { (VLDB'98)}}

@string{vldb_short = {VLDB}}

@string{vldbj = {The VLDB Journal: The International Journal on Very Large Data Bases}}


@inproceedings{dbtoaster-pods,
	Author = {Christoph Koch},
	Booktitle = {PODS },
	Date-Added = {2010-05-20 00:23:15 -0400},
	Date-Modified = {2010-05-20 00:26:40 -0400},
	Title = {Incremental Query Evaluation in a Ring of Databases},
	Year = {2010}}

@inproceedings{yan-icde:94,
	Author = {Weipeng P. Yan and Per-{\AA}ke Larson},
	Booktitle = icde94,
	Location = {Houston, USA},
	Pages = {89-100},
	Title = {Performing Group-By before Join},
	Year = {1994}}

@book{AHV95,
	Author = {Serge Abiteboul and Richard Hull and Victor Vianu},
	Publisher = {Addison-Wesley},
	Title = {{Foundations of Databases}},
	Year = 1995}

@inproceedings{Yan81,
	Address = {Cannes, France},
	Author = {Mihalis Yannakakis},
	Booktitle = vldb81,
	Pages = {82--94},
	Title = {{``Algorithms for Acyclic Database Schemes''}},
	Year = 1981}

@article{GLS2002,
	Author = {Georg Gottlob and Nicola Leone and Francesco Scarcello},
	Journal = jcss,
	Number = 3,
	Pages = {579--627},
	Title = {{``Hypertree Decompositions and Tractable Queries''}},
	Volume = {{\bf 64}},
	Year = 2002}

@inproceedings{CR1997,
	Address = {Delphi, Greece},
	Author = {Chandra Chekuri and Anand Rajaraman},
	Booktitle = icdt97,
	Pages = {56--70},
	Title = {{Conjunctive Query Containment Revisited''}},
	Year = 1997}

@inproceedings{griffin-sigmod:95,
	Author = {Timothy Griffin and Leonid Libkin},
	Booktitle = sigmod95,
	Location = {San Jose, USA},
	Pages = {328-339},
	Title = {Incremental Maintenance of Views with Duplicates},
	Year = {1995}}

@inproceedings{yan-vldb:95,
	Author = {Weipeng P. Yan and Per-{\AA}ke Larson},
	Booktitle = vldb95,
	Location = {Zurich, Switzerland},
	Pages = {345-357},
	Title = {Eager Aggregation and Lazy Aggregation},
	Year = {1995}}

@inproceedings{gray-icde:96,
	Author = {Jim Gray and Adam Bosworth and Andrew Layman and Hamid Pirahesh},
	Booktitle = icde96,
	Pages = {152-159},
	Title = {Data Cube: A Relational Aggregation Operator Generalizing Group-By, Cross-Tab, and Sub-Total},
	Year = {1996}}

@inproceedings{colby-sigmod:96,
	Author = {Latha S. Colby and Timothy Griffin and Leonid Libkin and Inderpal Singh Mumick and Howard Trickey},
	Booktitle = sigmod96,
	Location = {Montreal, Canada},
	Pages = {469-480},
	Title = {Algorithms for Deferred View Maintenance},
	Year = {1996}}

@inproceedings{mumick-sigmod:97,
	Author = {Inderpal Singh Mumick and Dallan Quass and Barinderpal Singh Mumick},
	Booktitle = sigmod97,
	Location = {Tucson, USA},
	Pages = {100-111},
	Title = {Maintenance of Data Cubes and Summary Tables in a Warehouse},
	Year = {1997}}

@inproceedings{goldstein-sigmod:01,
	Author = {Jonathan Goldstein and Per-{\AA}ke Larson},
	Booktitle = sigmod01,
	Location = {Santa Barbara, USA},
	Pages = {331-342},
	Title = {Optimizing Queries Using Materialized Views: A practical, scalable solution},
	Year = {2001}}

@inproceedings{palpanas-vldb:02,
	Author = {Themistoklis Palpanas and Richard Sidle and Roberta Cochrane and Hamid Pirahesh},
	Booktitle = vldb02,
	Location = {Hong Kong, China},
	Pages = {802-813},
	Title = {Incremental Maintenance for Non-Distributive Aggregate Functions},
	Year = {2002}}

@inproceedings{yang-icde:05,
	Author = {Hao He and Junyi Xie and Jun Yang and Hai Yu},
	Booktitle = icde05,
	Pages = {106-117},
	Title = {Asymmetric Batch Incremental View Maintenance},
	Year = {2005}}

@inproceedings{zhou-icde:07,
	Author = {Jingren Zhou and Per-{\AA}ke Larson and Jonathan Goldstein and Luping Ding},
	Booktitle = icde07,
	Location = {Istanbul, Turkey},
	Pages = {526-535},
	Title = {Dynamic Materialized Views},
	Year = {2007}}

@inproceedings{zhou-vldb:07,
	Author = {Jingren Zhou and Per-{\AA}ke Larson and Hicham G. Elmongui},
	Booktitle = vldb07,
	Location = {Vienna, Austria},
	Pages = {231-242},
	Title = {Lazy Maintenance of Materialized Views},
	Year = {2007}}

@article{roussopoulos-tods:91,
	Author = {Nick Roussopoulos},
	Journal = tods,
	Number = {3},
	Pages = {535-563},
	Title = {An Incremental Access Method for ViewCache: Concept, Algorithms, and Cost Analysis},
	Volume = {16},
	Year = {1991}}

@article{kotidis-tods:01,
	Author = {Yannis Kotidis and Nick Roussopoulos},
	Journal = tods,
	Number = {4},
	Pages = {388-423},
	Title = {A case for dynamic view management},
	Volume = {26},
	Year = {2001}}

@inproceedings{adelberg-sigmod:97,
	Author = {Brad Adelberg and Hector Garcia-Molina and Jennifer Widom},
	Booktitle = sigmod97,
	Location = {Tucson, USA},
	Pages = {147-158},
	Title = {The STRIP Rule System For Efficiently Maintaining Derived Data},
	Year = {1997}}

@inproceedings{newton-lctes:08,
	Author = {Ryan Newton and Lewis Girod and Michael B. Craig and Samuel Madden and J. Gregory Morrisett},
	Booktitle = {LCTES},
	Location = {Tucson, USA},
	Pages = {131-140},
	Title = {Design and evaluation of a compiler for embedded stream programs},
	Year = {2008}}

@inproceedings{toman-dbtel:01,
	Author = {David Toman and Grant E. Weddell},
	Booktitle = {Databases in Telecommunications},
	Location = {Rome, Italy},
	Pages = {68-87},
	Title = {Query Processing in Embedded Control Programs},
	Year = {2001}}

@inproceedings{raman-icde:08,
	Author = {Vijayshankar Raman and Garret Swart and Lin Qiao and Frederick Reiss and Vijay Dialani and Donald Kossmann and Inderpal Narang and Richard Sidle},
	Booktitle = {ICDE},
	Location = {Cancun, Mexico},
	Pages = {60-69},
	Title = {Constant-Time Query Processing},
	Year = {2008}}

@article{kallman-pvldb:08,
	Author = {Robert Kallman and Hideaki Kimura and Jonathan Natkins and Andrew Pavlo and Alex Rasin and Stanley B. Zdonik and Evan P. C. Jones and Samuel Madden and Michael Stonebraker and Yang Zhang and John Hugg and Daniel J. Abadi},
	Journal = {PVLDB},
	Number = {2},
	Pages = {1496-1499},
	Title = {H-store: a high-performance, distributed main memory transaction processing system},
	Volume = {1},
	Year = {2008}}

@inproceedings{wu-sigmod:06,
	Author = {Eugene Wu and Yanlei Diao and Shariq Rizvi},
	Booktitle = sigmod06,
	Location = {Chicago, USA},
	Pages = {407-418},
	Title = {High-performance complex event processing over streams},
	Year = {2006}}

@inproceedings{agrawal-sigmod:08,
	Author = {Jagrati Agrawal and Yanlei Diao and Daniel Gyllstrom and Neil Immerman},
	Booktitle = sigmod08,
	Location = {Vancouver, Canada},
	Pages = {147-160},
	Title = {Efficient pattern matching over event streams},
	Year = {2008}}

@inproceedings{white-pods:07,
	Author = {Walker M. White and Mirek Riedewald and Johannes Gehrke and Alan J. Demers},
	Booktitle = pods07,
	Location = {Beijing, China},
	Pages = {263-272},
	Title = {What is "next" in event processing?},
	Year = {2007}}

@inproceedings{demers-sigmod:07,
	Author = {Lars Brenna and Alan J. Demers and Johannes Gehrke and Mingsheng Hong and Joel Ossher and Biswanath Panda and Mirek Riedewald and Mohit Thatte and Walker M. White},
	Booktitle = sigmod07,
	Location = {Beijing, China},
	Pages = {1100-1102},
	Title = {Cayuga: a high-performance event processing engine},
	Year = {2007}}

@article{abadi-vldbj:03,
	Author = {Daniel J. Abadi and Don Carney and U\u{g}ur \c{C}etintemel and Mitch Cherniack and Christian Convey and Sangdon Lee and Michael Stonebraker and Nesime Tatbul and Stan Zdonik},
	Journal = vldbj,
	Title = {Aurora: A New Model and Architecture for Data Stream Management},
	Year = {2003}}

@inproceedings{motwani-cidr:03,
	Author = {Rajeev Motwani and Jennifer Widom and Arvind Arasu and Brian Babcock and Shivnath Babu and Mayur Datar and Gurmeet Manku and Chris Olston and Justin Rosenstein and Rohit Varma},
	Booktitle = cidr03,
	Month = jan,
	Title = {Query Processing, Approximation, and Resource Management in a Data Stream Management System},
	Year = 2003}

@inproceedings{boncz-cidr:05,
	Author = {Peter A. Boncz and Marcin Zukowski and Niels Nes},
	Booktitle = cidr05,
	Location = {Asilomar, USA},
	Pages = {225-237},
	Title = {MonetDB/X100: Hyper-Pipelining Query Execution},
	Year = {2005}}

@inproceedings{bohannon-vldb:98,
	Author = {Jerry Baulier and Philip Bohannon and S. Gogate and S. Joshi and C. Gupta and A. Khivesera and Henry F. Korth and Peter McIlroy and J. Miller and P. P. S. Narayan and M. Nemeth and Rajeev Rastogi and Abraham Silberschatz and S. Sudarshan},
	Booktitle = vldb98,
	Editor = {Ashish Gupta and Oded Shmueli and Jennifer Widom},
	Location = {New York, USA},
	Pages = {701},
	Title = {DataBlitz: A High Performance Main-Memory Storage Manager},
	Year = {1998}}

@inproceedings{bohannon-sigmod:99,
	Author = {Baulier,, J. and Bohannon,, P. and Gogate,, S. and Gupta,, C. and Haldar,, S.},
	Booktitle = sigmod99,
	Location = {Philadelphia, USA},
	Pages = {519--520},
	Title = {DataBlitz storage manager: main-memory database performance for critical applications},
	Year = {1999}}

@misc{sec-orderbook:00,
	Author = {Arthur Levitt},
	Title = {Speech by SEC Chairman: Visible Prices, Accessible Markets, Order Interaction. {http://www.sec.gov/news/speech/spch355.htm}},
	Year = {2000}}

@misc{poneil-ssb:07,
	Author = {Patrick O'Neil and Elizabeth O'Neil and Xuedong Chen},
	Month = January,
	Title = {The Star Schema Benchmark. {http://www.cs.umb.edu/~poneil/StarSchemaB.PDF }},
	Year = {2007}}

@inproceedings{arasu-vldb:04,
	Author = {Arvind Arasu and Mitch Cherniack and Eduardo F. Galvez and David Maier and Anurag Maskey and Esther Ryvkina and Michael Stonebraker and Richard Tibbetts},
	Booktitle = vldb04,
	Location = {Toronto, Canada},
	Pages = {480-491},
	Title = {Linear Road: A Stream Data Management Benchmark},
	Year = {2004}}

@inproceedings{gedik-sigmod:08,
	Author = {Bugra Gedik and Henrique Andrade and Kun-Lung Wu and Philip Yu and Myungcheol Doo},
	Booktitle = sigmod08,
	Location = {Vancouver, Canada},
	Pages = {1123--1134},
	Title = {{SPADE}: the {System S} declarative stream processing engine},
	Year = {2008}}

@misc{totalview-url,
	Title = {{NASDAQ TotalView} order book, {http://www.nasdaqtrader.com/Trader.aspx?id=TotalView}}}

@article{bowman-tods:05,
	Author = {Ivan T. Bowman and Kenneth Salem},
	Journal = tods,
	Number = {4},
	Pages = {1056-1101},
	Title = {Optimization of query streams using semantic prefetching},
	Volume = {30},
	Year = {2005}}

@misc{mssql-viewrestrict,
	Title = {{Microsoft SQL Server 2008} Indexed View Documentation, View Restrictions. {http://msdn.microsoft.com/en-us/library/dd171921.aspx}}}

@misc{oracle-viewrestrict,
	Title = {{Oracle Database 11g Release 1 Documentation}, {\tiny{http://download.oracle.com/docs/cd/B28359\_01/server.111/\\b28313/basicmv.htm\#i1007007}}}}

@misc{db2-viewrestrict,
	Title = {{IBM DB2 Database Version 9.5 Documentation}, {\tiny{http://publib.boulder.ibm.com/infocenter/db2luw/v9r5/index.jsp?topic\=/com.ibm.db2.luw.sql.ref.doc/doc/r0000927.html}}}}

@misc{streambase,
	Title = {{StreamBase Systems}, {http://www.streambase.com}}}

@misc{sb-patent,
	Author = {Jon Salz and Richard Tibbetts},
	Date = {Dec 22, 2006},
	Title = {Stream processor with compiled programs, {U.S. Patent Application}, {app. \#11/644,189, pub. \#US 2008/0134158 A1}}}

@misc{tpch-url,
	Title = {{TPC-H v2.8.0 Specification}, {http://www.tpc.org/tpch/spec/tpch2.8.0.pdf}}}

@article{chamberlin-tods:81,
	Author = {Donald D. Chamberlin and Morton M. Astrahan and W. Frank King III and Raymond A. Lorie and James W. Mehl and Thomas G. Price and Mario Schkolnick and Patricia G. Selinger and Donald R. Slutz and Bradford W. Wade and Robert A. Yost},
	Journal = {ACM Trans. Database Syst.},
	Number = {1},
	Pages = {70-94},
	Title = {Support for Repetitive Transactions and Ad Hoc Queries in System R},
	Volume = {6},
	Year = {1981}}

@article{graefe-tkde:94,
	Author = {Goetz Graefe},
	Journal = {IEEE Trans. Knowl. Data Eng.},
	Number = {1},
	Pages = {120-135},
	Title = {Volcano - An Extensible and Parallel Query Evaluation System},
	Volume = {6},
	Year = {1994}}

@article{batory-tse:88,
	Author = {Don S. Batory and J. R. Barnett and J. F. Garza and K. P. Smith and K. Tsukuda and B. C. Twichell and T. E. Wise},
	Journal = {IEEE Trans. Software Eng.},
	Number = {11},
	Pages = {1711-1730},
	Title = {GENESIS: An Extensible Database Management System},
	Volume = {14},
	Year = {1988}}
