@string{sigmodxxx = "ACM SIGMOD International Conference on Management of Data"}
@string{sigmod = {SIGMOD}}

@string{vldbxxx = "International Conference on Very Large Data Bases"}
@string{vldb = {VLDB}}

@string{icdexxx = "International Conference on Data Engineering"}
@string{icde = {ICDE}}

@string{cidrxxx = "Conference on Innovative Data Systems Research"}
@string{cidr = {CIDR}}

@string{icdt = {ICDT}}

@string{podsxxx = "ACM Symposium on Principles of Database Systems"}
@string{pods = {PODS}}

@string{tods = "ACM Transactions on Database Systems"}
@string{tods = {ACM TODS}}

@string{vldbjxxx = "The VLDB Journal: The International Journal on Very Large Data Bases"}
@string{vldbj = "VLDB Journal"}

@string{icde94   = icde}
@string{icde96   = icde}
@string{icde05   = icde}
@string{icde07   = icde}

@string{sigmod95 = sigmod}
@string{sigmod96 = sigmod}
@string{sigmod97 = sigmod}
@string{sigmod99 = sigmod}
@string{sigmod06 = sigmod}
@string{sigmod07 = sigmod}
@string{sigmod08 = sigmod}

@string{vldb95   = vldb}
@string{vldb98   = vldb}
@string{vldb98   = vldb}
@string{vldb00   = vldb}
@string{vldb02   = vldb}
@string{vldb07   = vldb}

@string{cidr03   = cidr}
@string{cidr05   = cidr}
@string{cidr07   = cidr}
@string{cidr09   = cidr}

@string{icdt97   = icdt}

@string{pods07   = pods}
@string{pods10   = pods}

@string{sospxxx  = "ACM symposium on Operating systems principles"}
@string{sosp     = {SOSP}}

@string{sosp95   = sosp}

@inproceedings{yan-icde:94,
  author    = {Weipeng P. Yan and
               Per-{\AA}ke Larson},
  title     = {Performing Group-By before Join},
  booktitle = icde94,
  year      = {1994},
  location  = {Houston, USA},
}

@inproceedings{berkeleydb,
  author    = {Michael A. Olson and Keith Bostic and Margo Seltzer},
  title     = {Berkeley DB},
  booktitle = {USENIX},
  year      = {1999},
  location  = {Monterey, CA}
}

@inproceedings{colt,
  author    = {Karl Schnaitter and Serge Abiteboul and Tova Milo and Neoklis Polyzotis},
  title     = {COLT: Continuous On-Line Database Tuning},
  booktitle = sigmod06,
  year      = 2006,
  location  = {Chicago, IL}
}

@inproceedings{ChaudhuriN07,
  author    = {Surajit Chaudhuri and
               Vivek R. Narasayya},
  title     = {Self-Tuning Database Systems: A Decade of Progress},
  booktitle = vldb07,
  year      = {2007},
}

@inproceedings{rangequeries,
  author    = {Ho, Ching-Tien and Agrawal, Rakesh and Megiddo, Nimrod and Srikant, Ramakrishnan},
  title     = {Range queries in OLAP data cubes},
  booktitle = sigmod97,
  year      = 1997,
  location  = {Tucson, Arizona, United States},
}

@book{AHV95,
   author    = {Serge Abiteboul and Richard Hull and Victor Vianu},
   title     = {Foundations of Databases},
   year      = 1995,
   publisher = "Addison-Wesley"
}

@inproceedings{Yan81,
   author    = {Mihalis Yannakakis},
   title     = {Algorithms for Acyclic Database Schemes},
   booktitle = vldb81,
   year      = 1981,
   address = {Cannes, France}
}


@article{GLS2002,
   author    = {Georg Gottlob and Nicola Leone and Francesco Scarcello},
   title     = {Hypertree Decompositions and Tractable Queries},
   journal   = jcss,
   volume    = 64,
   number    = 3,
   year      = 2002
}

@inproceedings{CR1997,
   author    = {Chandra Chekuri and Anand Rajaraman},
   title     = {Conjunctive Query Containment Revisited},
   booktitle = icdt97,
   year      = 1997,
   address   = {Delphi, Greece}
}




@inproceedings{griffin-sigmod:95,
  author    = {Timothy Griffin and
               Leonid Libkin},
  title     = {Incremental Maintenance of Views with Duplicates},
  booktitle = sigmod95,
  year      = {1995},
  location  = {San Jose, USA},
}

@inproceedings{yan-vldb:95,
  author    = {Weipeng P. Yan and
               Per-{\AA}ke Larson},
  title     = {Eager Aggregation and Lazy Aggregation},
  booktitle = vldb95,
  year      = {1995},
  location  = {Zurich, Switzerland},
}

@inproceedings{gray-icde:96,
  author    = {Jim Gray and
               Adam Bosworth and
               Andrew Layman and
               Hamid Pirahesh},
  title     = {Data Cube: A Relational Aggregation Operator Generalizing
               Group-By, Cross-Tab, and Sub-Total},
  booktitle = icde96,
  year      = {1996},
}

@inproceedings{colby-sigmod:96,
  author    = {Latha S. Colby and
               Timothy Griffin and
               Leonid Libkin and
               Inderpal Singh Mumick and
               Howard Trickey},
  title     = {Algorithms for Deferred View Maintenance},
  booktitle = sigmod96,
  year      = {1996},
  location  = {Montreal, Canada},
}

@inproceedings{mumick-sigmod:97,
  author    = {Inderpal Singh Mumick and
               Dallan Quass and
               Barinderpal Singh Mumick},
  title     = {Maintenance of Data Cubes and Summary Tables in a Warehouse},
  booktitle = sigmod97,
  year      = {1997},
  location  = {Tucson, USA}
}

@inproceedings{goldstein-sigmod:01,
  author    = {Jonathan Goldstein and
               Per-{\AA}ke Larson},
  title     = {Optimizing Queries Using Materialized Views: A practical,
               scalable solution},
  booktitle = sigmod01,
  year      = {2001},
  location  = {Santa Barbara, USA},
}

@inproceedings{palpanas-vldb:02,
  author    = {Themistoklis Palpanas and
               Richard Sidle and
               Roberta Cochrane and
               Hamid Pirahesh},
  title     = {Incremental Maintenance for Non-Distributive Aggregate Functions},
  booktitle = vldb02,
  year      = {2002},
  location  = {Hong Kong, China},
}

@inproceedings{yang-icde:05,
  author    = {Hao He and
               Junyi Xie and
               Jun Yang and
               Hai Yu},
  title     = {Asymmetric Batch Incremental View Maintenance},
  booktitle = icde05,
  year      = {2005},
}

@inproceedings{zhou-icde:07,
  author    = {Jingren Zhou and
               Per-{\AA}ke Larson and
               Jonathan Goldstein and
               Luping Ding},
  title     = {Dynamic Materialized Views},
  booktitle = icde07,
  year      = {2007},
  location  = {Istanbul, Turkey},
}

@inproceedings{zhou-vldb:07,
  author    = {Jingren Zhou and
               Per-{\AA}ke Larson and
               Hicham G. Elmongui},
  title     = {Lazy Maintenance of Materialized Views},
  booktitle = vldb07,
  year      = {2007},
  location  = {Vienna, Austria},
}

@article{roussopoulos-tods:91,
  author    = {Nick Roussopoulos},
  title     = {An Incremental Access Method for ViewCache: Concept, Algorithms,
               and Cost Analysis},
  journal   = tods,
  volume    = {16},
  number    = {3},
  year      = {1991},
}

@article{kotidis-tods:01,
  author    = {Yannis Kotidis and
               Nick Roussopoulos},
  title     = {A case for dynamic view management},
  journal   = tods,
  volume    = {26},
  number    = {4},
  year      = {2001},
}

@inproceedings{adelberg-sigmod:97,
  author    = {Brad Adelberg and
               Hector Garcia-Molina and
               Jennifer Widom},
  title     = {The STRIP Rule System For Efficiently Maintaining Derived
               Data},
  booktitle = sigmod97,
  year      = {1997},
  location  = {Tucson, USA},
}

@inproceedings{newton-lctes:08,
  author    = {Ryan Newton and
               Lewis Girod and
               Michael B. Craig and
               Samuel Madden and
               J. Gregory Morrisett},
  title     = {Design and evaluation of a compiler for embedded stream
               programs},
  booktitle = {LCTES},
  year      = {2008},
  location  = {Tucson, USA}
}

@inproceedings{toman-dbtel:01,
  author    = {David Toman and
               Grant E. Weddell},
  title     = {Query Processing in Embedded Control Programs},
  booktitle = {Databases in Telecommunications},
  year      = {2001},
  location  = {Rome, Italy}
}

@inproceedings{raman-icde:08,
  author    = {Vijayshankar Raman and
               Garret Swart and
               Lin Qiao and
               Frederick Reiss and
               Vijay Dialani and
               Donald Kossmann and
               Inderpal Narang and
               Richard Sidle},
  title     = {Constant-Time Query Processing},
  booktitle = {ICDE},
  year      = {2008},
  location  = {Cancun, Mexico}
}

@article{kallman-pvldb:08,
  author    = {Robert Kallman and
               Hideaki Kimura and
               Jonathan Natkins and
               Andrew Pavlo and
               Alex Rasin and
               Stanley B. Zdonik and
               Evan P. C. Jones and
               Samuel Madden and
               Michael Stonebraker and
               Yang Zhang and
               John Hugg and
               Daniel J. Abadi},
  title     = {H-store: a high-performance, distributed main memory transaction
               processing system},
  journal   = {PVLDB},
  volume    = {1},
  number    = {2},
  year      = {2008},
}

@inproceedings{wu-sigmod:06,
  author    = {Eugene Wu and
               Yanlei Diao and
               Shariq Rizvi},
  title     = {High-performance complex event processing over streams},
  booktitle = sigmod06,
  year      = {2006},
  location  = {Chicago, USA},
}

@inproceedings{agrawal-sigmod:08,
  author    = {Jagrati Agrawal and
               Yanlei Diao and
               Daniel Gyllstrom and
               Neil Immerman},
  title     = {Efficient pattern matching over event streams},
  booktitle = sigmod08,
  year      = {2008},
  location  = {Vancouver, Canada},
}


@inproceedings{white-pods:07,
  author    = {Walker M. White and
               Mirek Riedewald and
               Johannes Gehrke and
               Alan J. Demers},
  title     = {What is "next" in event processing?},
  booktitle = pods07,
  year      = {2007},
  location  = {Beijing, China},
}

@inproceedings{demers-sigmod:07,
  author    = {{L. Brenna et al.}},
  title     = {Cayuga: a high-performance event processing engine},
  booktitle = sigmod07,
  year      = {2007},
  location  = {Beijing, China},
}

@article{abadi-vldbj:03,
    author  = {{D. Abadi et al.}},
    title   = {Aurora: A New Model and Architecture for Data Stream Management},
    journal = vldbj,
    year    = {2003},
}

@inproceedings{boncz-cidr:05,
  author    = {Peter A. Boncz and
               Marcin Zukowski and
               Niels Nes},
  title     = {MonetDB/X100: Hyper-Pipelining Query Execution},
  booktitle = cidr05,
  year      = {2005},
  location  = {Asilomar, USA}
}

@inproceedings{bohannon-vldb:98,
  author    = {Jerry Baulier and
               Philip Bohannon and
               S. Gogate and
               S. Joshi and
               C. Gupta and
               A. Khivesera and
               Henry F. Korth and
               Peter McIlroy and
               J. Miller and
               P. P. S. Narayan and
               M. Nemeth and
               Rajeev Rastogi and
               Abraham Silberschatz and
               S. Sudarshan},
  editor    = {Ashish Gupta and
               Oded Shmueli and
               Jennifer Widom},
  title     = {DataBlitz: A High Performance Main-Memory Storage Manager},
  booktitle = vldb98,
  year      = {1998},
  location  = {New York, USA},
}

@inproceedings{bohannon-sigmod:99,
 author    = {Baulier,, J. and Bohannon,, P. and Gogate,, S. and Gupta,, C. and Haldar,, S.},
 title     = {DataBlitz storage manager: main-memory database performance for critical applications},
 booktitle = sigmod99,
 year      = {1999},
 location  = {Philadelphia, USA},
}

@misc{sec-orderbook:00,
 author    = {Arthur Levitt},
 title     = {Speech by SEC Chairman: Visible Prices, Accessible Markets, Order Interaction. {http://www.sec.gov/news/speech/spch355.htm}},
 year      = {2000},
}

@misc{poneil-ssb:07,
 author    = {Patrick O'Neil and Elizabeth O'Neil and Xuedong Chen},
 title     = {The Star Schema Benchmark. {http://www.cs.umb.edu/~poneil/StarSchemaB.PDF
}},
 month     = January,
 year      = {2007},
}

@inproceedings{arasu-vldb:04,
  author    = {Arvind Arasu and
               Mitch Cherniack and
               Eduardo F. Galvez and
               David Maier and
               Anurag Maskey and
               Esther Ryvkina and
               Michael Stonebraker and
               Richard Tibbetts},
  title     = {Linear Road: A Stream Data Management Benchmark},
  booktitle = vldb04,
  year      = {2004},
  location  = {Toronto, Canada}
}

@inproceedings{gedik-sigmod:08,
  author    = {Bugra Gedik and
               Henrique Andrade and
               Kun-Lung Wu and
               Philip Yu and
               Myungcheol Doo},
  title     = {{SPADE}: the {System S} declarative stream processing engine},
  booktitle = sigmod08,
  year      = {2008},
  location  = {Vancouver, Canada},
}

@misc {totalview-url,
  title     = {{NASDAQ TotalView} order book, {http://www.nasdaqtrader.com/Trader.aspx?id=TotalView}}
}

@article{bowman-tods:05,
  author    = {Ivan T. Bowman and
               Kenneth Salem},
  title     = {Optimization of query streams using semantic prefetching},
  journal   = tods,
  volume    = {30},
  number    = {4},
  year      = {2005},
}

@misc {mssql-viewrestrict,
	title	= {{Microsoft SQL Server 2008} Indexed View Documentation, View Restrictions. {http://msdn.microsoft.com/en-us/library/dd171921.aspx}}
}

@misc {oracle-viewrestrict,
	title   = {{Oracle Database 11g Release 1 Documentation}, {\tiny{http://download.oracle.com/docs/cd/B28359\_01/server.111/\\b28313/basicmv.htm\#i1007007}}}
}

@misc {db2-viewrestrict,
	title = {{IBM DB2 Database Version 9.5 Documentation}, {\tiny{http://publib.boulder.ibm.com/infocenter/db2luw/v9r5/index.jsp?topic\=/com.ibm.db2.luw.sql.ref.doc/doc/r0000927.html}}}
}

@misc {streambase,
    title = {{StreamBase Systems}, {http://www.streambase.com}}    
}

@misc {sb-patent,
    title     = {Stream processor with compiled programs, {U.S. Patent Application}, {app. \#11/644,189, pub. \#US 2008/0134158 A1}},
    author    = {Jon Salz and Richard Tibbetts},
    date      = {Dec 22, 2006}
}

@misc{Becht2010,
   author={Andreas von Bechtoldsheim},
   title = {Invited talk, {EPFL, Sept. 21, 2010}}
}

@misc{Iati2009,
   author = {Rob Iati},
   title = "{The Real Story of Trading Software Espionage,
            AdvancedTrading.com, July 10, 2009}"
}


@article{buneman-kleisli:95,
  author    = {Peter Buneman and
               Shamim A. Naqvi and
               Val Tannen and
               Limsoon Wong},
  title     = {Principles of Programming with Complex Objects and Collection
               Types},
  journal   = {Theor. Comput. Sci.},
  volume    = {149},
  number    = {1},
  year      = {1995},
}

@article{aji-toit:00,
  author    = {Srinivas M. Aji and
               Robert J. McEliece},
  title     = {The generalized distributive law},
  journal   = {IEEE Transactions on Information Theory},
  volume    = {46},
  number    = {2},
  year      = {2000},
}

@inproceedings{abadi-icde:07,
  author    = {Daniel Abadi and
               Daniel Myers and
               David DeWitt and
               Samuel Madden},
  title     = {Materialization Strategies in a Column-Oriented DBMS},
  booktitle = icde07,
  year      = {2007},
}

@inproceedings{koch-pods:10,
  author    = {Christoph Koch},
  title     = {Incremental query evaluation in a ring of databases},
  booktitle = pods10,
  year      = {2010},
}

@inproceedings{olston-cidr:09,
  author    = {Christopher Olston and
               Edward Bortnikov and
               Khaled Elmeleegy and
               Flavio Junqueira and
               Benjamin Reed},
  title     = {Interactive Analysis of Web-Scale Data},
  booktitle = cidr09,
  year      = {2009},
}

@inproceedings{bast-cidr:07,
  author    = {Holger Bast and
               Ingmar Weber},
  title     = {The CompleteSearch Engine: Interactive, Efficient, and Towards
               {IR\&DB} Integration},
  booktitle = cidr07,
  year      = {2007},
}

@inproceedings{ceri-vldb:00,
  author    = {Stefano Ceri and
               Roberta Cochrane and
               Jennifer Widom},
  title     = {Practical Applications of Triggers and Constraints: Success
               and Lingering Issues},
  booktitle = vldb00,
  year      = {2000},
}

@inproceedings{motwani-cidr:03,
  author    = {{R. Motwani et al.}},
  title     = {Query Processing, Approximation, and Resource Management
               in a Data Stream Management System},
  booktitle = cidr03,
  year      = {2003},
}

@inproceedings{chandrasekaran-cidr:03,
  author    = {{S. Chandrasekaran et al.}},
  title     = {{TelegraphCQ}: Continuous Dataflow Processing for an Uncertain
               World},
  booktitle = cidr03,
  year      = {2003},
}

@article{ahmad-vldb:09,
  author    = {Yanif Ahmad and
               Christoph Koch},
  title     = {{DBToaster}: A SQL Compiler for High-Performance Delta Processing
               in Main-Memory Databases},
  journal   = {PVLDB},
  volume    = {2},
  number    = {2},
  year      = {2009},
}

@article{rstartree,
 author    = {Beckmann, Norbert and Kriegel, Hans-Peter and Schneider, Ralf and Seeger, Bernhard},
 title     = {The R*-tree: an efficient and robust access method for points and rectangles},
 journal   = {SIGMOD Rec.},
 volume    = {19},
 number    = {2},
 year      = {1990},
}

@inproceedings{sstree,
 author    = {White, David A. and Jain, Ramesh},
 title     = {Similarity Indexing with the SS-tree},
 booktitle = icde96,
 year      = {1996},
}

@inproceedings{srtree,
 author = {Katayama, Norio and Satoh, Shin'ichi},
 title = {The SR-tree: an index structure for high-dimensional nearest neighbor queries},
 booktitle = sigmod97,
 year = {1997},
}

@inproceedings{bayou,
 author     = {{D.B. Terry et al.}},
 title      = {Managing update conflicts in {Bayou}, a weakly connected replicated storage system},
 booktitle  = sosp95,
 year       = {1995},
}

@article{stonebreaker-sigrec:89,
  author    = {Michael Stonebraker},
  title     = {The Case for Partial Indexes},
  journal   = {SIGMOD Record},
  volume    = {18},
  number    = {4},
  year      = {1989},
}

@article{ghanem-tods:10,
  author    = {Thanaa M. Ghanem and
               Ahmed K. Elmagarmid and
               Per-{\AA}ke Larson and
               Walid G. Aref},
  title     = {Supporting views in data stream management systems},
  journal   = tods,
  volume    = {35},
  number    = {1},
  year      = {2010},
}