@string{sigmod = "ACM SIGMOD International Conference on Management of Data"}
@string{sigmod_short = {SIGMOD}}

@string{vldb = "International Conference on Very Large Data Bases"}
@string{vldb_short = {VLDB}}

@string{icde = "International Conference on Data Engineering"}
@string{icde_short = {ICDE}}

@string{cidr = "Conference on Innovative Data Systems Research"}
@string{cidr_short = {CIDR}}

@string{pods = "ACM Symposium on Principles of Database Systems"}

@string{tods = "ACM Transactions on Database Systems"}
@string{vldbj = "The VLDB Journal: The International Journal on Very Large Data Bases"}

@string{icde94   = "Proc. of the 10th " # icde # " (ICDE'94)"}
@string{icde96   = "Proc. of the 12th " # icde # " (ICDE'96)"}
@string{icde05   = "Proc. of the 21st " # icde # " (ICDE'05)"}
@string{icde07   = "Proc. of the 23rd " # icde # " (ICDE'07)"}

@string{sigmod95 = "Proc. of the 1995 " # sigmod}
@string{sigmod96 = "Proc. of the 1996 " # sigmod}
@string{sigmod97 = "Proc. of the 1997 " # sigmod}
@string{sigmod99 = "Proc. of the 1999 " # sigmod}
@string{sigmod06 = "Proc. of the 2006 " # sigmod}
@string{sigmod07 = "Proc. of the 2007 " # sigmod}
@string{sigmod08 = "Proc. of the 2008 " # sigmod}

@string{vldb95   = "Proc. of the 21st " # vldb # " (VLDB'95)"}
@string{vldb98   = "Proc. of the 24th " # vldb # " (VLDB'98)"}
@string{vldb02   = "Proc. of the 28th " # vldb # " (VLDB'02)"}
@string{vldb07   = "Proc. of the 33rd " # vldb # " (VLDB'07)"}

@string{cidr03   = "Proc. of the First Biennial " # cidr # " (CIDR'03)"}
@string{cidr05   = "Proc. of the Second Biennial " # cidr # " (CIDR'05)"}
@string{pods07   = "Proc. of the 26th " # pods # " (PODS'07)"}

@inproceedings{yan-icde:94,
  author    = {Weipeng P. Yan and
               Per-{\AA}ke Larson},
  title     = {Performing Group-By before Join},
  booktitle = icde94,
  year      = {1994},
  pages     = {89-100},
  location  = {Houston, USA},
}




@book(AHV95,
   author    = {Serge Abiteboul and Richard Hull and Victor Vianu},
   title     = "{Foundations of Databases}",
   year      = 1995,
   publisher = "Addison-Wesley"
)

@inproceedings(Yan81,
   author = {Mihalis Yannakakis},
   title = "{``Algorithms for Acyclic Database Schemes''}",
   booktitle = vldb81,
   year = 1981,
   pages = {82--94},
   address = {Cannes, France}
)


@article(GLS2002,
   author    = {Georg Gottlob and Nicola Leone and Francesco Scarcello},
   title     = "{``Hypertree Decompositions and Tractable Queries''}",
   journal   = jcss,
   volume    = {{\bf 64}},
   number    = 3,
   pages     = {579--627},
   year      = 2002
)

@inproceedings(CR1997,
   author    = {Chandra Chekuri and Anand Rajaraman},
   title     = "{Conjunctive Query Containment Revisited''}",
   booktitle = icdt97,
   pages     = {56--70},
   year      = 1997,
   address   = {Delphi, Greece}
)




@inproceedings{griffin-sigmod:95,
  author    = {Timothy Griffin and
               Leonid Libkin},
  title     = {Incremental Maintenance of Views with Duplicates},
  booktitle = sigmod95,
  year      = {1995},
  pages     = {328-339},
  location  = {San Jose, USA},
}

@inproceedings{yan-vldb:95,
  author    = {Weipeng P. Yan and
               Per-{\AA}ke Larson},
  title     = {Eager Aggregation and Lazy Aggregation},
  booktitle = vldb95,
  year      = {1995},
  pages     = {345-357},
  location  = {Zurich, Switzerland},
}

@inproceedings{gray-icde:96,
  author    = {Jim Gray and
               Adam Bosworth and
               Andrew Layman and
               Hamid Pirahesh},
  title     = {Data Cube: A Relational Aggregation Operator Generalizing
               Group-By, Cross-Tab, and Sub-Total},
  booktitle = icde96,
  year      = {1996},
  pages     = {152-159},
}

@inproceedings{colby-sigmod:96,
  author    = {Latha S. Colby and
               Timothy Griffin and
               Leonid Libkin and
               Inderpal Singh Mumick and
               Howard Trickey},
  title     = {Algorithms for Deferred View Maintenance},
  booktitle = sigmod96,
  year      = {1996},
  pages     = {469-480},
  location  = {Montreal, Canada},
}

@inproceedings{mumick-sigmod:97,
  author    = {Inderpal Singh Mumick and
               Dallan Quass and
               Barinderpal Singh Mumick},
  title     = {Maintenance of Data Cubes and Summary Tables in a Warehouse},
  booktitle = sigmod97,
  year      = {1997},
  pages     = {100-111},
  location  = {Tucson, USA}
}

@inproceedings{goldstein-sigmod:01,
  author    = {Jonathan Goldstein and
               Per-{\AA}ke Larson},
  title     = {Optimizing Queries Using Materialized Views: A practical,
               scalable solution},
  booktitle = sigmod01,
  year      = {2001},
  pages     = {331-342},
  location  = {Santa Barbara, USA},
}

@inproceedings{palpanas-vldb:02,
  author    = {Themistoklis Palpanas and
               Richard Sidle and
               Roberta Cochrane and
               Hamid Pirahesh},
  title     = {Incremental Maintenance for Non-Distributive Aggregate Functions},
  booktitle = vldb02,
  year      = {2002},
  pages     = {802-813},
  location  = {Hong Kong, China},
}

@inproceedings{yang-icde:05,
  author    = {Hao He and
               Junyi Xie and
               Jun Yang and
               Hai Yu},
  title     = {Asymmetric Batch Incremental View Maintenance},
  booktitle = icde05,
  year      = {2005},
  pages     = {106-117},
}

@inproceedings{zhou-icde:07,
  author    = {Jingren Zhou and
               Per-{\AA}ke Larson and
               Jonathan Goldstein and
               Luping Ding},
  title     = {Dynamic Materialized Views},
  booktitle = icde07,
  year      = {2007},
  pages     = {526-535},
  location  = {Istanbul, Turkey},
}

@inproceedings{zhou-vldb:07,
  author    = {Jingren Zhou and
               Per-{\AA}ke Larson and
               Hicham G. Elmongui},
  title     = {Lazy Maintenance of Materialized Views},
  booktitle = vldb07,
  year      = {2007},
  pages     = {231-242},
  location  = {Vienna, Austria},
}

@article{roussopoulos-tods:91,
  author    = {Nick Roussopoulos},
  title     = {An Incremental Access Method for ViewCache: Concept, Algorithms,
               and Cost Analysis},
  journal   = tods,
  volume    = {16},
  number    = {3},
  year      = {1991},
  pages     = {535-563},
}

@article{kotidis-tods:01,
  author    = {Yannis Kotidis and
               Nick Roussopoulos},
  title     = {A case for dynamic view management},
  journal   = tods,
  volume    = {26},
  number    = {4},
  year      = {2001},
  pages     = {388-423},
}

@inproceedings{adelberg-sigmod:97,
  author    = {Brad Adelberg and
               Hector Garcia-Molina and
               Jennifer Widom},
  title     = {The STRIP Rule System For Efficiently Maintaining Derived
               Data},
  booktitle = sigmod97,
  year      = {1997},
  pages     = {147-158},
  location  = {Tucson, USA},
}

@inproceedings{newton-lctes:08,
  author    = {Ryan Newton and
               Lewis Girod and
               Michael B. Craig and
               Samuel Madden and
               J. Gregory Morrisett},
  title     = {Design and evaluation of a compiler for embedded stream
               programs},
  booktitle = {LCTES},
  year      = {2008},
  pages     = {131-140},
  location  = {Tucson, USA}
}

@inproceedings{toman-dbtel:01,
  author    = {David Toman and
               Grant E. Weddell},
  title     = {Query Processing in Embedded Control Programs},
  booktitle = {Databases in Telecommunications},
  year      = {2001},
  pages     = {68-87},
  location  = {Rome, Italy}
}

@inproceedings{raman-icde:08,
  author    = {Vijayshankar Raman and
               Garret Swart and
               Lin Qiao and
               Frederick Reiss and
               Vijay Dialani and
               Donald Kossmann and
               Inderpal Narang and
               Richard Sidle},
  title     = {Constant-Time Query Processing},
  booktitle = {ICDE},
  year      = {2008},
  pages     = {60-69},
  location  = {Cancun, Mexico}
}

@article{kallman-pvldb:08,
  author    = {Robert Kallman and
               Hideaki Kimura and
               Jonathan Natkins and
               Andrew Pavlo and
               Alex Rasin and
               Stanley B. Zdonik and
               Evan P. C. Jones and
               Samuel Madden and
               Michael Stonebraker and
               Yang Zhang and
               John Hugg and
               Daniel J. Abadi},
  title     = {H-store: a high-performance, distributed main memory transaction
               processing system},
  journal   = {PVLDB},
  volume    = {1},
  number    = {2},
  year      = {2008},
  pages     = {1496-1499},
}

@inproceedings{wu-sigmod:06,
  author    = {Eugene Wu and
               Yanlei Diao and
               Shariq Rizvi},
  title     = {High-performance complex event processing over streams},
  booktitle = sigmod06,
  year      = {2006},
  pages     = {407-418},
  location  = {Chicago, USA},
}

@inproceedings{agrawal-sigmod:08,
  author    = {Jagrati Agrawal and
               Yanlei Diao and
               Daniel Gyllstrom and
               Neil Immerman},
  title     = {Efficient pattern matching over event streams},
  booktitle = sigmod08,
  year      = {2008},
  pages     = {147-160},
  location  = {Vancouver, Canada},
}


@inproceedings{white-pods:07,
  author    = {Walker M. White and
               Mirek Riedewald and
               Johannes Gehrke and
               Alan J. Demers},
  title     = {What is "next" in event processing?},
  booktitle = pods07,
  year      = {2007},
  pages     = {263-272},
  location  = {Beijing, China},
}

@inproceedings{demers-sigmod:07,
  author    = {Lars Brenna and
               Alan J. Demers and
               Johannes Gehrke and
               Mingsheng Hong and
               Joel Ossher and
               Biswanath Panda and
               Mirek Riedewald and
               Mohit Thatte and
               Walker M. White},
  title     = {Cayuga: a high-performance event processing engine},
  booktitle = sigmod07,
  year      = {2007},
  pages     = {1100-1102},
  location  = {Beijing, China},
}

@article{abadi-vldbj:03,
    author = {Daniel J. Abadi and Don Carney and
              U\u{g}ur \c{C}etintemel and Mitch Cherniack and
              Christian Convey and Sangdon Lee and Michael Stonebraker and
              Nesime Tatbul and Stan Zdonik},
    title = {Aurora: A New Model and Architecture for Data Stream Management},
    journal = vldbj,
    year = {2003},
}

@InProceedings{motwani-cidr:03,
   author =       {Rajeev Motwani and Jennifer Widom and Arvind Arasu and
                   Brian Babcock and Shivnath Babu and Mayur Datar and
                   Gurmeet Manku and Chris Olston and Justin Rosenstein and
                   Rohit Varma},
   title  =       {Query Processing, Approximation, and Resource Management
                   in a Data Stream Management System},
   booktitle =    cidr03,
   month  =       jan,
   year =         2003
}

@inproceedings{boncz-cidr:05,
  author    = {Peter A. Boncz and
               Marcin Zukowski and
               Niels Nes},
  title     = {MonetDB/X100: Hyper-Pipelining Query Execution},
  booktitle = cidr05,
  year      = {2005},
  pages     = {225-237},
  location  = {Asilomar, USA}
}

@inproceedings{bohannon-vldb:98,
  author    = {Jerry Baulier and
               Philip Bohannon and
               S. Gogate and
               S. Joshi and
               C. Gupta and
               A. Khivesera and
               Henry F. Korth and
               Peter McIlroy and
               J. Miller and
               P. P. S. Narayan and
               M. Nemeth and
               Rajeev Rastogi and
               Abraham Silberschatz and
               S. Sudarshan},
  editor    = {Ashish Gupta and
               Oded Shmueli and
               Jennifer Widom},
  title     = {DataBlitz: A High Performance Main-Memory Storage Manager},
  booktitle = vldb98,
  year      = {1998},
  pages     = {701},
  location  = {New York, USA},
}

@inproceedings{bohannon-sigmod:99,
 author    = {Baulier,, J. and Bohannon,, P. and Gogate,, S. and Gupta,, C. and Haldar,, S.},
 title     = {DataBlitz storage manager: main-memory database performance for critical applications},
 booktitle = sigmod99,
 year      = {1999},
 pages     = {519--520},
 location  = {Philadelphia, USA},
}

@misc{sec-orderbook:00,
 author    = {Arthur Levitt},
 title     = {Speech by SEC Chairman: Visible Prices, Accessible Markets, Order Interaction. {http://www.sec.gov/news/speech/spch355.htm}},
 year      = {2000},
}

@misc{poneil-ssb:07,
 author    = {Patrick O'Neil and Elizabeth O'Neil and Xuedong Chen},
 title     = {The Star Schema Benchmark. {http://www.cs.umb.edu/~poneil/StarSchemaB.PDF
}},
 month     = January,
 year      = {2007},
}

@inproceedings{arasu-vldb:04,
  author    = {Arvind Arasu and
               Mitch Cherniack and
               Eduardo F. Galvez and
               David Maier and
               Anurag Maskey and
               Esther Ryvkina and
               Michael Stonebraker and
               Richard Tibbetts},
  title     = {Linear Road: A Stream Data Management Benchmark},
  booktitle = vldb04,
  year      = {2004},
  pages     = {480-491},
  location  = {Toronto, Canada}
}

@inproceedings{gedik-sigmod:08,
  author    = {Bugra Gedik and
               Henrique Andrade and
               Kun-Lung Wu and
               Philip Yu and
               Myungcheol Doo},
  title     = {{SPADE}: the {System S} declarative stream processing engine},
  booktitle = sigmod08,
  year      = {2008},
  pages     = {1123--1134},
  location  = {Vancouver, Canada},
}

@misc {totalview-url,
  title     = {{NASDAQ TotalView} order book, {http://www.nasdaqtrader.com/Trader.aspx?id=TotalView}}
}

@article{bowman-tods:05,
  author    = {Ivan T. Bowman and
               Kenneth Salem},
  title     = {Optimization of query streams using semantic prefetching},
  journal   = tods,
  volume    = {30},
  number    = {4},
  year      = {2005},
  pages     = {1056-1101},
}

@misc {mssql-viewrestrict,
	title	= {{Microsoft SQL Server 2008} Indexed View Documentation, View Restrictions. {http://msdn.microsoft.com/en-us/library/dd171921.aspx}}
}

@misc {oracle-viewrestrict,
	title   = {{Oracle Database 11g Release 1 Documentation}, {\tiny{http://download.oracle.com/docs/cd/B28359\_01/server.111/\\b28313/basicmv.htm\#i1007007}}}
}

@misc {db2-viewrestrict,
	title = {{IBM DB2 Database Version 9.5 Documentation}, {\tiny{http://publib.boulder.ibm.com/infocenter/db2luw/v9r5/index.jsp?topic\=/com.ibm.db2.luw.sql.ref.doc/doc/r0000927.html}}}
}

@misc {streambase,
    title = {{StreamBase Systems}, {http://www.streambase.com}}    
}

@misc {sb-patent,
    title     = {Stream processor with compiled programs, {U.S. Patent Application}, {app. \#11/644,189, pub. \#US 2008/0134158 A1}},
    author    = {Jon Salz and Richard Tibbetts},
    date      = {Dec 22, 2006}
}

@misc {tpch-url,
    title     = {{TPC-H v2.8.0 Specification}, {http://www.tpc.org/tpch/spec/tpch2.8.0.pdf}}
}