%% This BibTeX bibliography file was created using BibDesk.
%% http://bibdesk.sourceforge.net/


%% Created for Oliver Kennedy at 2009-10-28 22:29:47 -0400 


%% Saved with string encoding Unicode (UTF-8) 



@inproceedings{1154557,
	Address = {Washington, DC, USA},
	Author = {Gurumurthi, S. and Zhang, Jianyong and Sivasubramaniam, A. and Kandemir, M. and Franke, H. and Vijaykrishnan, N. and Irwin, M. J.},
	Booktitle = {ISPASS '03: Proceedings of the 2003 IEEE International Symposium on Performance Analysis of Systems and Software},
	Date-Added = {2009-10-28 22:06:53 -0400},
	Date-Modified = {2009-10-28 22:06:53 -0400},
	Isbn = {0-7803-7756-7},
	Pages = {123--132},
	Publisher = {IEEE Computer Society},
	Title = {Interplay of energy and performance for disk arrays running transaction processing workloads},
	Year = {2003}}

@manual{tpch2008,
	Date-Added = {2009-10-28 02:01:03 -0400},
	Date-Modified = {2009-10-28 12:58:26 -0400},
	Edition = {Revision 2.8.0},
	Note = {http://www.tpc.org/tpch/spec/tpch2.6.0.pdf},
	Organization = {{Transaction Processing Performance Council}},
	Title = {{TPC Benchmark H (Decision Support)}},
	Year = {2008}}

@article{datacube,
	Author = {Jim Gray and Surajit Chaudhuri and Adam Bosworth and Andrew Layman and Don Reichart and Murali Venkatrao and Frank Pellow and Hamid Pirahesh},
	Date-Added = {2009-10-16 09:58:25 -0400},
	Date-Modified = {2009-10-16 10:00:44 -0400},
	Journal = {Data Mining and Knowledge Discovery},
	Month = {March},
	Number = {1},
	Pages = {29-53},
	Title = {Data Cube: A Relational Aggregation Operator Generalizing Group-By, Cross-Tab, and Sub-Totals},
	Volume = {1},
	Year = {1997}}

@article{318586,
	Address = {New York, NY, USA},
	Author = {Nievergelt, J. and Hinterberger, Hans and Sevcik, Kenneth C.},
	Date-Added = {2009-10-16 09:55:58 -0400},
	Date-Modified = {2009-10-16 09:55:58 -0400},
	Doi = {http://doi.acm.org/10.1145/348.318586},
	Issn = {0362-5915},
	Journal = {ACM Trans. Database Syst.},
	Number = {1},
	Pages = {38--71},
	Publisher = {ACM},
	Title = {The Grid File: An Adaptable, Symmetric Multikey File Structure},
	Volume = {9},
	Year = {1984},
	Bdsk-Url-1 = {http://doi.acm.org/10.1145/348.318586}}
